2190 3398
564 109 618 165 111
978 119 1013 178 71

160 220 210 271 aut
227 214 328 270 nebula
345 216 394 267 aut
410 214 617 268 fumusz-nam
635 215 716 283 longe
734 217 887 274 mobilitate

159 294 285 360 praestat
302 292 333 344 et
350 306 368 344 a
383 291 460 344 tenui
477 307 559 344 eausa
575 291 662 358 rnaffl's
680 292 735 346 ieta
752 298 892 360 movetur3

157 369 262 438 quippe
273 367 322 421 ubi
334 366 497 435 imaginibus
507 367 575 420 fumi
587 367 758 438 nebulaeque
771 375 903 426 movetur.
980 388 1017 428 sse

160 444 235 514 quod
252 461 339 513 genus
356 444 385 497 in
403 443 504 497 somnis
522 444 604 513 sopiti
622 444 668 498 ubi
688 447 825 501 cernimus
843 447 900 503 alte

159 521 289 575 exhalare
307 536 437 590 vaporem
455 519 553 573 altaria
571 520 699 590 ferreque
718 524 838 590 fumum3

156 613 220 652 nam
233 597 326 666 procul
339 597 402 651 hine
414 595 498 649 dubio
510 597 589 651 nobis
603 597 747 653 simulacra
758 603 946 669 genunium-
972 608 1018 654 r

158 689 231 727 nune
247 673 333 741 igitur
352 672 479 742 quoniam
498 674 634 743 quassatis
650 676 773 745 undique
790 678 861 732 rasis

158 749 282 805 diffluere
295 766 423 813 vumorem
442 752 471 803 et
488 750 597 805 laticem
617 750 759 806 discedere
776 755 864 808 cernis
978 767 1015 808 sse

157 828 188 881 et
205 826 306 880 nebula
324 843 356 880 ae
373 826 464 880 fumus
483 827 609 894 quoniam
628 827 745 884 discedit
762 829 789 883 in
807 847 894 899 auras,

157 903 241 957 erede
259 904 376 956 animam
396 920 506 971 qnoque
523 904 640 958 diffundi
659 906 800 976 multoque
817 907 908 976 perire

157 979 234 1033 oeius
252 984 281 1034 et
299 978 380 1034 eitius
399 979 510 1033 dissolvi
529 981 557 1033 in
577 998 691 1050 corpora
708 984 803 1052 prima,

158 1071 220 1109 eum
239 1055 322 1110 semel
342 1054 376 1109 e'x
394 1056 511 1110 hominis
530 1056 661 1112 membris
680 1058 772 1113 ablata
789 1059 910 1114 recessit.

157 1131 261 1202 quippe
271 1131 374 1186 etenim
387 1150 492 1202 eorpus,
508 1134 583 1202 quod
595 1152 643 1189 vas
656 1136 733 1204 quasi
745 1136 869 1189 constitit
882 1135 949 1203 eius,
978 1149 1015 1188 ste

56 1197 240 1290 Q
259 1208 387 1263 cohibere
407 1210 504 1279 nequit
522 1215 731 1279 conquassatum
750 1228 784 1265 ex
802 1211 893 1280 aliqua
909 1227 941 1264 re
990 1270 997 1287 ⁸

157 1300 190 1338 ao
207 1285 371 1338 rarefactum
393 1285 519 1339 detracto
538 1287 670 1356 sanguine
689 1288 771 1355 venis,
965 1282 970 1291 “

158 1376 222 1414 aero
239 1361 287 1431 qui
308 1361 404 1415 eredas
422 1379 503 1431 posse
521 1363 591 1417 hane
609 1363 761 1418 cohiberier
778 1346 852 1432 ullo}

157 1452 272 1505 corpore
289 1437 336 1507 qui
355 1441 451 1492 nostro
469 1456 548 1493 rarus
566 1441 654 1508 magis
671 1439 1006 1529 wamiis«

195 1513 343 1568 Praeterea
361 1515 434 1584 gigni
453 1517 558 1585 pariter
576 1532 638 1570 eum
656 1533 769 1586 corpore
787 1519 816 1571 et
833 1533 887 1571 uua
977 1530 1014 1569 tis

157 1606 281 1644 creseere
300 1591 431 1644 sentimus
452 1591 611 1661 pariterque
630 1609 770 1647 senescere
788 1597 916 1647 mentem.

158 1681 222 1720 nam
239 1667 315 1720 velut
333 1666 441 1720 infirmo
459 1668 538 1736 pueri
556 1672 706 1737 teneroque
723 1672 858 1737 vagantur

157 1758 278 1811 eorpore,
297 1742 335 1796 sie
353 1744 437 1796 animi
458 1743 583 1813 seqnitur
601 1746 738 1799 sententia
755 1746 851 1799 tenvis.

156 1817 222 1873 inde
239 1818 287 1872 ubi
304 1819 425 1874 robustis
445 1820 564 1875 adolevit
582 1820 685 1875 viribus
703 1824 787 1890 aetas,

157 1894 300 1949 eonsilium
315 1913 425 1966 quoque
443 1896 530 1951 maius
549 1901 578 1951 et
596 1898 701 1952 auctior
718 1901 761 1952 ost
778 1897 861 1952 animi
878 1898 926 1953 vis.
977 1914 1013 1952 tm

156 1973 220 2040 post
237 1971 284 2025 ubi
302 1973 357 2026 iam
375 1973 473 2027 validis
492 1977 651 2042 quassatum
670 1978 713 2028 est
730 1974 831 2028 viribus
848 1975 908 2028 aevi

155 2063 255 2116 eorpus
272 2052 301 2102 et
318 2048 423 2103 obtusis
444 2050 603 2104 oeciderunt
621 2050 725 2104 viribus
742 2054 827 2117 artus,

156 2123 292 2179 claudicat
308 2125 456 2195 ingenium,
477 2125 578 2181 delirat
596 2126 695 2196 lingua,
714 2127 786 2180 labat
804 2143 889 2195 meus,

155 2201 248 2254 omnia
266 2200 396 2255 deficiunt
415 2206 499 2272 atque
518 2220 572 2256 uno
590 2205 717 2272 tempore
735 2203 842 2257 desunt.

155 2292 223 2344 orgo
241 2277 353 2332 dissolui
374 2296 483 2348 quoque
502 2280 628 2333 convenit
646 2297 754 2334 omnem
772 2278 871 2332 animai
974 2292 1010 2331 ms

155 2356 289 2421 naturam,
308 2370 358 2407 eeu
376 2354 475 2421 iunius,
495 2356 524 2408 iu
543 2356 613 2409 altas
631 2357 703 2410 aeris
720 2373 815 2421 auras3

155 2429 378 2500 quandoquidem
396 2432 470 2500 gigni
491 2432 597 2502 pariter
613 2435 773 2502 pariterque
790 2432 917 2486 ridemus

154 2520 278 2559 crescam
295 2510 332 2575 et,
351 2512 384 2559 ut
402 2506 489 2573 docui,
509 2507 588 2561 simul
608 2526 675 2562 aevo
693 2510 766 2562 fessa
782 2509 878 2563 fatisci.

192 2581 256 2637 llue
273 2582 381 2637 secedit
398 2584 440 2638 uti
459 2584 608 2653 videamus,
628 2602 725 2654 eorpus
743 2588 775 2639 ut
792 2585 880 2652 ipsum

154 2657 297 2727 suscipere
312 2659 429 2714 innmnis
448 2661 558 2716 morbos
577 2663 731 2731 durumque
750 2661 878 2729 dolorem,
973 2673 1010 2716 tou

155 2734 195 2788 sie
213 2734 333 2790 animum
351 2753 430 2790 eurus
451 2737 521 2790 aeris
539 2739 696 2806 luctumque
715 2742 890 2806 metumque;

154 2826 241 2878 quare
258 2811 421 2882 participem
439 2813 487 2866 leti
508 2830 617 2883 quoque
637 2815 764 2868 convenit
782 2830 849 2867 esse.

156 2886 324 2954 quinetiam
344 2888 445 2942 morbis
463 2889 491 2942 in
510 2891 630 2960 eorporis
649 2892 724 2944 avius
742 2898 816 2944 errat

155 2977 239 3032 saepe
256 2963 376 3030 animus3
396 2965 530 3018 dementit
548 2966 619 3018 euim
639 2965 780 3034 deliraque
798 2967 873 3018 fatur

153 3037 355 3107 interdumque
369 3041 445 3111 gnavi
464 3039 589 3105 lethargo
608 3041 696 3091 fertur
714 3040 742 3090 iu
761 3041 845 3091 altum
973 3052 1009 3089 tos
1091 3078 1092 3081 η

155 3116 355 3183 aeternumque
373 3129 498 3182 soporem
517 3112 599 3164 oculis
617 3115 740 3178 nutuque
757 3111 875 3174 cadenti,

156 3186 231 3244 unde
250 3205 341 3257 neque
358 3187 473 3242 exaudit
491 3199 571 3239 voees
588 3200 641 3236 neo
656 3199 768 3236 noseere
786 3182 875 3235 voltus
