<?xml version="1.0" encoding="UTF-8"?>
<!DOCTYPE html PUBLIC "-//W3C//DTD XHTML 1.0 Transitional//EN"
    "http://www.w3.org/TR/xhtml1/DTD/xhtml1-transitional.dtd">
<html xmlns="http://www.w3.org/1999/xhtml" xml:lang="en" lang="en">
 <head>
  <title>
</title>
<meta http-equiv="Content-Type" content="text/html;charset=utf-8" />
  <meta name='ocr-system' content='tesseract 3.04.00' />
  <meta name='ocr-capabilities' content='ocr_page ocr_carea ocr_par ocr_line ocrx_word'/>
</head>
<body>
  <div class='ocr_page' id='page_1' title='image "./tlucreticarider08munrgoog_0231.png"; bbox 0 0 2176 3404; ppageno 0'>
   <div class='ocr_carea' id='block_1_1' title="bbox 103 77 550 141">
    <p class='ocr_par' dir='ltr' id='par_1_1' title="bbox 103 77 550 141">
     <span class='ocr_line' id='line_1_1' title="bbox 103 77 550 141; baseline 0.025 0"><span class='ocrx_word' id='word_1_1' title='bbox 103 82 162 141; x_wconf 83' lang='lat' dir='ltr'><strong>isa</strong></span> <span class='ocrx_word' id='word_1_2' title='bbox 504 77 550 133; x_wconf 80' lang='lat' dir='ltr'><strong>Vl</strong></span> 
     </span>
    </p>
   </div>
   <div class='ocr_carea' id='block_1_2' title="bbox 58 181 1041 3070">
    <p class='ocr_par' dir='ltr' id='par_1_2' title="bbox 100 181 961 943">
     <span class='ocr_line' id='line_1_2' title="bbox 100 181 960 256; baseline -0.013 -12"><span class='ocrx_word' id='word_1_3' title='bbox 100 187 199 243; x_wconf 87' lang='lat' dir='ltr'><strong>crescit</strong></span> <span class='ocrx_word' id='word_1_4' title='bbox 212 185 300 241; x_wconf 83' lang='lat' dir='ltr'><strong>barba</strong></span> <span class='ocrx_word' id='word_1_5' title='bbox 310 184 414 256; x_wconf 81' lang='lat' dir='ltr'><strong>pilique</strong></span> <span class='ocrx_word' id='word_1_6' title='bbox 425 199 476 253; x_wconf 87' lang='lat' dir='ltr'><strong>per</strong></span> <span class='ocrx_word' id='word_1_7' title='bbox 486 182 578 236; x_wconf 86' lang='lat' dir='ltr'><strong>omnia</strong></span> <span class='ocrx_word' id='word_1_8' title='bbox 588 181 721 248; x_wconf 88' lang='lat' dir='ltr'><strong>membra,</strong></span> <span class='ocrx_word' id='word_1_9' title='bbox 732 196 785 250; x_wconf 87' lang='lat' dir='ltr'><strong>per</strong></span> <span class='ocrx_word' id='word_1_10' title='bbox 794 182 878 235; x_wconf 84' lang='lat' dir='ltr'><strong>ortus</strong></span> <span class='ocrx_word' id='word_1_11' title='bbox 904 236 908 244; x_wconf 75' lang='grc'><em>,</em></span> <span class='ocrx_word' id='word_1_12' title='bbox 920 187 960 234; x_wconf 76' lang='lat' dir='ltr'><strong>sas</strong></span> 
     </span>
     <span class='ocr_line' id='line_1_3' title="bbox 101 258 783 326; baseline -0.012 -7"><span class='ocrx_word' id='word_1_13' title='bbox 101 264 209 319; x_wconf 89' lang='lat' dir='ltr'><strong>diditur</strong></span> <span class='ocrx_word' id='word_1_14' title='bbox 225 263 254 316; x_wconf 92' lang='lat' dir='ltr'><strong>in</strong></span> <span class='ocrx_word' id='word_1_15' title='bbox 271 278 355 317; x_wconf 83' lang='lat' dir='ltr'><strong>renas</strong></span> <span class='ocrx_word' id='word_1_16' title='bbox 370 260 447 315; x_wconf 91' lang='lat' dir='ltr'><strong>cibus</strong></span> <span class='ocrx_word' id='word_1_17' title='bbox 465 259 559 324; x_wconf 89' lang='lat' dir='ltr'><strong>omnis,</strong></span> <span class='ocrx_word' id='word_1_18' title='bbox 578 261 663 326; x_wconf 81' lang='lat' dir='ltr'><strong>anget</strong></span> <span class='ocrx_word' id='word_1_19' title='bbox 679 258 783 326; x_wconf 79' lang='lat' dir='ltr'>alitque</span> 
     </span>
     <span class='ocr_line' id='line_1_4' title="bbox 102 333 845 410; baseline -0.011 -15"><span class='ocrx_word' id='word_1_20' title='bbox 102 340 223 410; x_wconf 86' lang='lat' dir='ltr'><strong>corporis</strong></span> <span class='ocrx_word' id='word_1_21' title='bbox 241 342 379 393; x_wconf 86' lang='lat' dir='ltr'><strong>extremas</strong></span> <span class='ocrx_word' id='word_1_22' title='bbox 396 353 504 407; x_wconf 90' lang='lat' dir='ltr'><strong>quoque</strong></span> <span class='ocrx_word' id='word_1_23' title='bbox 521 335 608 405; x_wconf 84' lang='lat' dir='ltr'><strong>partis</strong></span> <span class='ocrx_word' id='word_1_24' title='bbox 625 333 845 402; x_wconf 81' lang='lat' dir='ltr'><strong>unguiculosque.</strong></span> 
     </span>
     <span class='ocr_line' id='line_1_5' title="bbox 100 410 870 486; baseline -0.01 -16"><span class='ocrx_word' id='word_1_25' title='bbox 100 417 187 486; x_wconf 79' lang='lat' dir='ltr'><strong>frigus</strong></span> <span class='ocrx_word' id='word_1_26' title='bbox 203 418 270 472; x_wconf 88' lang='lat' dir='ltr'><strong>item</strong></span> <span class='ocrx_word' id='word_1_27' title='bbox 287 415 404 470; x_wconf 87' lang='lat' dir='ltr'><strong>transire</strong></span> <span class='ocrx_word' id='word_1_28' title='bbox 421 430 471 483; x_wconf 84' lang='lat' dir='ltr'><strong>per</strong></span> <span class='ocrx_word' id='word_1_29' title='bbox 488 430 536 468; x_wconf 89' lang='lat' dir='ltr'><strong>aes</strong></span> <span class='ocrx_word' id='word_1_30' title='bbox 552 410 725 479; x_wconf 83' lang='lat' dir='ltr'><strong>calidumque</strong></span> <span class='ocrx_word' id='word_1_31' title='bbox 742 426 870 480; x_wconf 78' lang='lat' dir='ltr'><strong>vaporem</strong></span> 
     </span>
     <span class='ocr_line' id='line_1_6' title="bbox 102 489 797 561; baseline -0.013 -13"><span class='ocrx_word' id='word_1_32' title='bbox 102 493 243 561; x_wconf 88' lang='lat' dir='ltr'><strong>sentimus,</strong></span> <span class='ocrx_word' id='word_1_33' title='bbox 262 493 394 548; x_wconf 87' lang='lat' dir='ltr'><strong>sentimus</strong></span> <span class='ocrx_word' id='word_1_34' title='bbox 411 490 480 544; x_wconf 86' lang='lat' dir='ltr'><strong>item</strong></span> <span class='ocrx_word' id='word_1_35' title='bbox 497 489 617 543; x_wconf 88' lang='lat' dir='ltr'><strong>transire</strong></span> <span class='ocrx_word' id='word_1_36' title='bbox 633 504 683 556; x_wconf 91' lang='lat' dir='ltr'><strong>per</strong></span> <span class='ocrx_word' id='word_1_37' title='bbox 700 503 797 541; x_wconf 89' lang='lat' dir='ltr'><strong>aurum</strong></span> 
     </span>
     <span class='ocr_line' id='line_1_7' title="bbox 101 564 961 639; baseline -0.008 -17"><span class='ocrx_word' id='word_1_38' title='bbox 101 572 187 638; x_wconf 88' lang='lat' dir='ltr'><strong>atque</strong></span> <span class='ocrx_word' id='word_1_39' title='bbox 203 585 254 639; x_wconf 88' lang='lat' dir='ltr'><strong>per</strong></span> <span class='ocrx_word' id='word_1_40' title='bbox 270 570 424 637; x_wconf 79' lang='lat' dir='ltr'><strong>argentum,</strong></span> <span class='ocrx_word' id='word_1_41' title='bbox 440 582 503 620; x_wconf 89' lang='lat' dir='ltr'><strong>cum</strong></span> <span class='ocrx_word' id='word_1_42' title='bbox 520 564 617 634; x_wconf 88' lang='lat' dir='ltr'><strong>pocula</strong></span> <span class='ocrx_word' id='word_1_43' title='bbox 634 564 716 633; x_wconf 89' lang='lat' dir='ltr'><strong>plena</strong></span> <span class='ocrx_word' id='word_1_44' title='bbox 732 566 865 617; x_wconf 87' lang='lat' dir='ltr'><strong>tenemus.</strong></span> <span class='ocrx_word' id='word_1_45' title='bbox 922 576 961 616; x_wconf 77' lang='lat' dir='ltr'><strong>seo</strong></span> 
     </span>
     <span class='ocr_line' id='line_1_8' title="bbox 103 641 807 715; baseline -0.007 -17"><span class='ocrx_word' id='word_1_46' title='bbox 103 644 222 714; x_wconf 88' lang='lat' dir='ltr'><strong>denique</strong></span> <span class='ocrx_word' id='word_1_47' title='bbox 239 661 290 715; x_wconf 90' lang='lat' dir='ltr'><strong>per</strong></span> <span class='ocrx_word' id='word_1_48' title='bbox 307 644 448 713; x_wconf 74' lang='lat' dir='ltr'><strong>dissaepta</strong></span> <span class='ocrx_word' id='word_1_49' title='bbox 465 641 607 696; x_wconf 90' lang='lat' dir='ltr'><strong>domorum</strong></span> <span class='ocrx_word' id='word_1_50' title='bbox 625 657 708 695; x_wconf 78' lang='lat' dir='ltr'><strong>saxea</strong></span> <span class='ocrx_word' id='word_1_51' title='bbox 725 656 807 694; x_wconf 87' lang='lat' dir='ltr'><strong>voces</strong></span> 
     </span>
     <span class='ocr_line' id='line_1_9' title="bbox 102 717 873 791; baseline -0.004 -15"><span class='ocrx_word' id='word_1_52' title='bbox 102 721 277 789; x_wconf 74' lang='lat' dir='ltr'><strong>pervolitant,</strong></span> <span class='ocrx_word' id='word_1_53' title='bbox 293 723 438 791; x_wconf 75' lang='lat' dir='ltr'>permanat</span> <span class='ocrx_word' id='word_1_54' title='bbox 455 718 524 772; x_wconf 87' lang='lat' dir='ltr'><strong>odor</strong></span> <span class='ocrx_word' id='word_1_55' title='bbox 540 717 682 785; x_wconf 76' lang='lat' dir='ltr'><strong>frigusque</strong></span> <span class='ocrx_word' id='word_1_56' title='bbox 699 731 837 786; x_wconf 74' lang='lat' dir='ltr'><strong>vaposque</strong></span> <span class='ocrx_word' id='word_1_57' title='bbox 868 762 873 773; x_wconf 89' lang='lat'><strong><em>.</em></strong></span> 
     </span>
     <span class='ocr_line' id='line_1_10' title="bbox 102 793 802 866; baseline -0.007 -16"><span class='ocrx_word' id='word_1_58' title='bbox 102 798 181 866; x_wconf 76' lang='lat' dir='ltr'><strong>ignis,</strong></span> <span class='ocrx_word' id='word_1_59' title='bbox 199 799 247 866; x_wconf 88' lang='lat' dir='ltr'><strong>qui</strong></span> <span class='ocrx_word' id='word_1_60' title='bbox 264 797 331 851; x_wconf 87' lang='lat' dir='ltr'><strong>ferri</strong></span> <span class='ocrx_word' id='word_1_61' title='bbox 349 813 457 866; x_wconf 90' lang='lat' dir='ltr'><strong>quoque</strong></span> <span class='ocrx_word' id='word_1_62' title='bbox 475 795 530 849; x_wconf 83' lang='lat' dir='ltr'><strong>vim</strong></span> <span class='ocrx_word' id='word_1_63' title='bbox 547 796 695 863; x_wconf 87' lang='lat' dir='ltr'><strong>penetrare</strong></span> <span class='ocrx_word' id='word_1_64' title='bbox 711 793 802 846; x_wconf 69' lang='lat' dir='ltr'><strong>suerit</strong></span> 
     </span>
     <span class='ocr_line' id='line_1_11' title="bbox 103 870 857 943; baseline -0.012 -16"><span class='ocrx_word' id='word_1_65' title='bbox 103 874 222 942; x_wconf 87' lang='lat' dir='ltr'><strong>denique</strong></span> <span class='ocrx_word' id='word_1_66' title='bbox 239 891 294 943; x_wconf 90' lang='lat' dir='ltr'><strong>qua</strong></span> <span class='ocrx_word' id='word_1_67' title='bbox 311 874 414 928; x_wconf 90' lang='lat' dir='ltr'><strong>circum</strong></span> <span class='ocrx_word' id='word_1_68' title='bbox 433 872 506 928; x_wconf 86' lang='lat' dir='ltr'><strong>Galli</strong></span> <span class='ocrx_word' id='word_1_69' title='bbox 523 870 610 925; x_wconf 89' lang='lat' dir='ltr'><strong>lorica</strong></span> <span class='ocrx_word' id='word_1_70' title='bbox 625 872 741 923; x_wconf 87' lang='lat' dir='ltr'><strong>coercet.</strong></span> <span class='ocrx_word' id='word_1_71' title='bbox 853 912 857 917; x_wconf 89' lang='lat'><em>.</em></span> 
     </span>
    </p>

    <p class='ocr_par' dir='ltr' id='par_1_3' title="bbox 58 948 1041 1095">
     <span class='ocr_line' id='line_1_12' title="bbox 58 948 1041 1020; baseline -0.008 -15"><span class='ocrx_word' id='word_1_72' title='bbox 58 973 92 1006; x_wconf 79' lang='lat' dir='ltr'><strong>oso</strong></span> <span class='ocrx_word' id='word_1_73' title='bbox 103 954 133 1005; x_wconf 89' lang='lat' dir='ltr'><strong>ct</strong></span> <span class='ocrx_word' id='word_1_74' title='bbox 150 953 330 1020; x_wconf 86' lang='lat' dir='ltr'><strong>tempestates</strong></span> <span class='ocrx_word' id='word_1_75' title='bbox 347 953 424 1004; x_wconf 85' lang='lat' dir='ltr'><strong>terra</strong></span> <span class='ocrx_word' id='word_1_76' title='bbox 441 948 571 1016; x_wconf 88' lang='lat' dir='ltr'><strong>caeloque</strong></span> <span class='ocrx_word' id='word_1_77' title='bbox 588 948 700 1001; x_wconf 76' lang='lat' dir='ltr'><strong>coortae</strong></span> <span class='ocrx_word' id='word_1_78' title='bbox 906 957 962 998; x_wconf 72' lang='lat' dir='ltr'><strong>sue</strong></span> <span class='ocrx_word' id='word_1_79' title='bbox 1034 1010 1041 1019; x_wconf 38' lang='grc' dir='ltr'>Ι</span> 
     </span>
     <span class='ocr_line' id='line_1_13' title="bbox 102 1022 796 1095; baseline -0.007 -16"><span class='ocrx_word' id='word_1_80' title='bbox 102 1027 132 1079; x_wconf 91' lang='lat' dir='ltr'><strong>in</strong></span> <span class='ocrx_word' id='word_1_81' title='bbox 149 1026 253 1080; x_wconf 88' lang='lat' dir='ltr'><strong>caelum</strong></span> <span class='ocrx_word' id='word_1_82' title='bbox 270 1030 416 1095; x_wconf 79' lang='lat' dir='ltr'><strong>terrasque</strong></span> <span class='ocrx_word' id='word_1_83' title='bbox 432 1028 555 1093; x_wconf 75' lang='lat' dir='ltr'><strong>remotae</strong></span> <span class='ocrx_word' id='word_1_84' title='bbox 572 1023 633 1076; x_wconf 90' lang='lat' dir='ltr'><strong>iura</strong></span> <span class='ocrx_word' id='word_1_85' title='bbox 649 1022 796 1088; x_wconf 87' lang='lat' dir='ltr'><strong>facessunt,</strong></span> 
     </span>
    </p>

    <p class='ocr_par' dir='ltr' id='par_1_4' title="bbox 59 1098 899 1172">
     <span class='ocr_line' id='line_1_14' title="bbox 59 1098 899 1172; baseline -0.007 -16"><span class='ocrx_word' id='word_1_86' title='bbox 59 1124 91 1156; x_wconf 68' lang='lat' dir='ltr'><strong>aas</strong></span> <span class='ocrx_word' id='word_1_87' title='bbox 103 1102 229 1157; x_wconf 88' lang='lat' dir='ltr'><strong>morbida</strong></span> <span class='ocrx_word' id='word_1_88' title='bbox 245 1103 340 1172; x_wconf 86' lang='lat' dir='ltr'><strong>visque</strong></span> <span class='ocrx_word' id='word_1_89' title='bbox 357 1102 445 1167; x_wconf 89' lang='lat' dir='ltr'><strong>simul,</strong></span> <span class='ocrx_word' id='word_1_90' title='bbox 462 1117 525 1155; x_wconf 91' lang='lat' dir='ltr'><strong>cum</strong></span> <span class='ocrx_word' id='word_1_91' title='bbox 543 1098 714 1153; x_wconf 73' lang='lat' dir='ltr'><strong>extrinsecis</strong></span> <span class='ocrx_word' id='word_1_92' title='bbox 729 1098 899 1163; x_wconf 74' lang='lat' dir='ltr'><strong>insinuatur-3</strong></span> 
     </span>
    </p>

    <p class='ocr_par' dir='ltr' id='par_1_5' title="bbox 59 1174 820 1248">
     <span class='ocr_line' id='line_1_15' title="bbox 59 1174 820 1248; baseline -0.011 -13"><span class='ocrx_word' id='word_1_93' title='bbox 59 1201 92 1235; x_wconf 75' lang='lat' dir='ltr'><strong>sss</strong></span> <span class='ocrx_word' id='word_1_94' title='bbox 103 1179 325 1248; x_wconf 84' lang='lat' dir='ltr'><strong>quandoquidem</strong></span> <span class='ocrx_word' id='word_1_95' title='bbox 342 1178 379 1232; x_wconf 93' lang='lat' dir='ltr'><strong>nil</strong></span> <span class='ocrx_word' id='word_1_96' title='bbox 398 1181 441 1231; x_wconf 87' lang='lat' dir='ltr'><strong>est</strong></span> <span class='ocrx_word' id='word_1_97' title='bbox 457 1176 510 1230; x_wconf 92' lang='lat' dir='ltr'><strong>nisi</strong></span> <span class='ocrx_word' id='word_1_98' title='bbox 527 1192 590 1229; x_wconf 88' lang='lat' dir='ltr'><strong>raro</strong></span> <span class='ocrx_word' id='word_1_99' title='bbox 608 1174 721 1244; x_wconf 88' lang='lat' dir='ltr'><strong>corpori&#39;</strong></span> <span class='ocrx_word' id='word_1_100' title='bbox 739 1190 820 1228; x_wconf 85' lang='lat' dir='ltr'><strong>nexu</strong></span> 
     </span>
    </p>

    <p class='ocr_par' dir='ltr' id='par_1_6' title="bbox 102 1250 962 2758">
     <span class='ocr_line' id='line_1_16' title="bbox 139 1250 815 1321; baseline -0.009 -12"><span class='ocrx_word' id='word_1_101' title='bbox 139 1256 203 1310; x_wconf 90' lang='lat' dir='ltr'><strong>Huc</strong></span> <span class='ocrx_word' id='word_1_102' title='bbox 220 1255 329 1310; x_wconf 89' lang='lat' dir='ltr'><strong>accedit</strong></span> <span class='ocrx_word' id='word_1_103' title='bbox 345 1253 387 1308; x_wconf 90' lang='lat' dir='ltr'><strong>uti</strong></span> <span class='ocrx_word' id='word_1_104' title='bbox 404 1269 458 1307; x_wconf 90' lang='lat' dir='ltr'><strong>non</strong></span> <span class='ocrx_word' id='word_1_105' title='bbox 475 1253 573 1321; x_wconf 87' lang='lat' dir='ltr'><strong>omnia,</strong></span> <span class='ocrx_word' id='word_1_106' title='bbox 591 1268 663 1321; x_wconf 89' lang='lat' dir='ltr'><strong>quae</strong></span> <span class='ocrx_word' id='word_1_107' title='bbox 679 1250 815 1304; x_wconf 86' lang='lat' dir='ltr'><strong>iaciuntur</strong></span> 
     </span>
     <span class='ocr_line' id='line_1_17' title="bbox 103 1327 961 1400; baseline -0.007 -13"><span class='ocrx_word' id='word_1_108' title='bbox 103 1348 217 1400; x_wconf 88' lang='lat' dir='ltr'><strong>corpora</strong></span> <span class='ocrx_word' id='word_1_109' title='bbox 234 1348 351 1400; x_wconf 89' lang='lat' dir='ltr'><strong>cumque</strong></span> <span class='ocrx_word' id='word_1_110' title='bbox 367 1331 403 1385; x_wconf 89' lang='lat' dir='ltr'><strong>ab</strong></span> <span class='ocrx_word' id='word_1_111' title='bbox 420 1330 511 1399; x_wconf 87' lang='lat' dir='ltr'><strong>rebus,</strong></span> <span class='ocrx_word' id='word_1_112' title='bbox 528 1329 625 1384; x_wconf 91' lang='lat' dir='ltr'><strong>eodem</strong></span> <span class='ocrx_word' id='word_1_113' title='bbox 642 1327 769 1397; x_wconf 67' lang='lat' dir='ltr'><strong>pmdita</strong></span> <span class='ocrx_word' id='word_1_114' title='bbox 786 1344 868 1382; x_wconf 89' lang='lat' dir='ltr'><strong>sensu</strong></span> <span class='ocrx_word' id='word_1_115' title='bbox 921 1341 961 1381; x_wconf 87' lang='lat' dir='ltr'><strong>oso</strong></span> 
     </span>
     <span class='ocr_line' id='line_1_18' title="bbox 103 1404 807 1478; baseline -0.004 -16"><span class='ocrx_word' id='word_1_116' title='bbox 103 1412 187 1477; x_wconf 84' lang='lat' dir='ltr'><strong>utque</strong></span> <span class='ocrx_word' id='word_1_117' title='bbox 205 1408 301 1463; x_wconf 91' lang='lat' dir='ltr'><strong>eodem</strong></span> <span class='ocrx_word' id='word_1_118' title='bbox 319 1411 402 1478; x_wconf 86' lang='lat' dir='ltr'><strong>pacto</strong></span> <span class='ocrx_word' id='word_1_119' title='bbox 418 1407 501 1462; x_wconf 89' lang='lat' dir='ltr'><strong>rebus</strong></span> <span class='ocrx_word' id='word_1_120' title='bbox 518 1407 575 1462; x_wconf 88' lang='lat' dir='ltr'><strong>sint</strong></span> <span class='ocrx_word' id='word_1_121' title='bbox 592 1404 717 1459; x_wconf 89' lang='lat' dir='ltr'><strong>omnibus</strong></span> <span class='ocrx_word' id='word_1_122' title='bbox 734 1407 807 1474; x_wconf 81' lang='lat' dir='ltr'><strong>apta</strong></span> 
     </span>
     <span class='ocr_line' id='line_1_19' title="bbox 102 1481 762 1553; baseline -0.005 -15"><span class='ocrx_word' id='word_1_123' title='bbox 102 1484 236 1553; x_wconf 90' lang='lat' dir='ltr'><strong>principio</strong></span> <span class='ocrx_word' id='word_1_124' title='bbox 252 1488 355 1539; x_wconf 82' lang='lat' dir='ltr'><strong>temam</strong></span> <span class='ocrx_word' id='word_1_125' title='bbox 373 1484 414 1538; x_wconf 89' lang='lat' dir='ltr'><strong>sol</strong></span> <span class='ocrx_word' id='word_1_126' title='bbox 432 1483 612 1552; x_wconf 83' lang='lat' dir='ltr'><strong>excoquitet·</strong></span> <span class='ocrx_word' id='word_1_127' title='bbox 623 1481 690 1536; x_wconf 79' lang='lat' dir='ltr'><strong>iacit</strong></span> <span class='ocrx_word' id='word_1_128' title='bbox 707 1498 762 1548; x_wconf 86' lang='lat' dir='ltr'><strong>are,</strong></span> 
     </span>
     <span class='ocr_line' id='line_1_20' title="bbox 103 1557 781 1629; baseline -0.004 -15"><span class='ocrx_word' id='word_1_129' title='bbox 103 1563 134 1614; x_wconf 91' lang='lat' dir='ltr'><strong>at</strong></span> <span class='ocrx_word' id='word_1_130' title='bbox 150 1560 265 1629; x_wconf 84' lang='lat' dir='ltr'><strong>glaciem</strong></span> <span class='ocrx_word' id='word_1_131' title='bbox 282 1559 408 1615; x_wconf 87' lang='lat' dir='ltr'><strong>dissolvit</strong></span> <span class='ocrx_word' id='word_1_132' title='bbox 425 1563 455 1615; x_wconf 90' lang='lat' dir='ltr'><strong>et</strong></span> <span class='ocrx_word' id='word_1_133' title='bbox 473 1560 536 1613; x_wconf 87' lang='lat' dir='ltr'><strong>altis</strong></span> <span class='ocrx_word' id='word_1_134' title='bbox 553 1557 692 1612; x_wconf 89' lang='lat' dir='ltr'><strong>montibus</strong></span> <span class='ocrx_word' id='word_1_135' title='bbox 709 1557 781 1612; x_wconf 87' lang='lat' dir='ltr'><strong>altae</strong></span> 
     </span>
     <span class='ocr_line' id='line_1_21' title="bbox 103 1633 751 1704; baseline -0.005 -14"><span class='ocrx_word' id='word_1_136' title='bbox 103 1639 299 1704; x_wconf 80' lang='lat' dir='ltr'><strong>extructasque</strong></span> <span class='ocrx_word' id='word_1_137' title='bbox 316 1636 393 1691; x_wconf 76' lang='lat' dir='ltr'><strong>nives</strong></span> <span class='ocrx_word' id='word_1_138' title='bbox 410 1635 495 1689; x_wconf 87' lang='lat' dir='ltr'><strong>radiis</strong></span> <span class='ocrx_word' id='word_1_139' title='bbox 513 1635 655 1689; x_wconf 78' lang='lat' dir='ltr'>tabescere</span> <span class='ocrx_word' id='word_1_140' title='bbox 672 1633 751 1702; x_wconf 73' lang='lat' dir='ltr'><strong>cogit</strong></span> 
     </span>
     <span class='ocr_line' id='line_1_22' title="bbox 104 1710 960 1782; baseline -0.002 -16"><span class='ocrx_word' id='word_1_141' title='bbox 104 1712 224 1782; x_wconf 88' lang='lat' dir='ltr'><strong>deniqne</strong></span> <span class='ocrx_word' id='word_1_142' title='bbox 242 1728 305 1767; x_wconf 82' lang='lat' dir='ltr'><strong>cera</strong></span> <span class='ocrx_word' id='word_1_143' title='bbox 321 1712 428 1782; x_wconf 90' lang='lat' dir='ltr'><strong>liquefit</strong></span> <span class='ocrx_word' id='word_1_144' title='bbox 445 1713 474 1766; x_wconf 88' lang='lat' dir='ltr'><strong>in</strong></span> <span class='ocrx_word' id='word_1_145' title='bbox 491 1710 550 1765; x_wconf 87' lang='lat' dir='ltr'><strong>eius</strong></span> <span class='ocrx_word' id='word_1_146' title='bbox 566 1714 646 1780; x_wconf 88' lang='lat' dir='ltr'><strong>posta</strong></span> <span class='ocrx_word' id='word_1_147' title='bbox 662 1726 769 1779; x_wconf 78' lang='lat' dir='ltr'><strong>vapore.</strong></span> <span class='ocrx_word' id='word_1_148' title='bbox 921 1722 960 1764; x_wconf 63' lang='lat' dir='ltr'><strong>ss</strong></span> 
     </span>
     <span class='ocr_line' id='line_1_23' title="bbox 103 1785 865 1856; baseline -0.003 -15"><span class='ocrx_word' id='word_1_149' title='bbox 103 1787 175 1856; x_wconf 82' lang='lat' dir='ltr'><strong>ignis</strong></span> <span class='ocrx_word' id='word_1_150' title='bbox 191 1789 259 1841; x_wconf 90' lang='lat' dir='ltr'><strong>item</strong></span> <span class='ocrx_word' id='word_1_151' title='bbox 277 1787 411 1856; x_wconf 92' lang='lat' dir='ltr'><strong>liquidum</strong></span> <span class='ocrx_word' id='word_1_152' title='bbox 429 1788 497 1842; x_wconf 87' lang='lat' dir='ltr'><strong>facit</strong></span> <span class='ocrx_word' id='word_1_153' title='bbox 513 1802 560 1840; x_wconf 90' lang='lat' dir='ltr'><strong>aes</strong></span> <span class='ocrx_word' id='word_1_154' title='bbox 578 1802 729 1854; x_wconf 88' lang='lat' dir='ltr'><strong>aurumque</strong></span> <span class='ocrx_word' id='word_1_155' title='bbox 746 1785 865 1855; x_wconf 79' lang='lat' dir='ltr'><strong>resolvit,</strong></span> 
     </span>
     <span class='ocr_line' id='line_1_24' title="bbox 104 1862 847 1919; baseline 0 -1"><span class='ocrx_word' id='word_1_156' title='bbox 104 1867 134 1919; x_wconf 93' lang='lat' dir='ltr'><strong>at</strong></span> <span class='ocrx_word' id='word_1_157' title='bbox 152 1864 225 1918; x_wconf 91' lang='lat' dir='ltr'><strong>coria</strong></span> <span class='ocrx_word' id='word_1_158' title='bbox 242 1867 272 1918; x_wconf 89' lang='lat' dir='ltr'><strong>et</strong></span> <span class='ocrx_word' id='word_1_159' title='bbox 288 1880 398 1918; x_wconf 91' lang='lat' dir='ltr'><strong>carnem</strong></span> <span class='ocrx_word' id='word_1_160' title='bbox 415 1863 504 1917; x_wconf 89' lang='lat' dir='ltr'><strong>trahit</strong></span> <span class='ocrx_word' id='word_1_161' title='bbox 520 1866 550 1917; x_wconf 89' lang='lat' dir='ltr'><strong>et</strong></span> <span class='ocrx_word' id='word_1_162' title='bbox 567 1862 694 1916; x_wconf 81' lang='lat' dir='ltr'><strong>conducit</strong></span> <span class='ocrx_word' id='word_1_163' title='bbox 711 1863 739 1916; x_wconf 89' lang='lat' dir='ltr'><strong>in</strong></span> <span class='ocrx_word' id='word_1_164' title='bbox 756 1878 847 1918; x_wconf 83' lang='lat' dir='ltr'><strong>unum</strong></span> 
     </span>
     <span class='ocr_line' id='line_1_25' title="bbox 103 1939 794 2010; baseline -0.004 -15"><span class='ocrx_word' id='word_1_165' title='bbox 103 1957 183 1995; x_wconf 91' lang='lat' dir='ltr'><strong>umor</strong></span> <span class='ocrx_word' id='word_1_166' title='bbox 199 1957 287 2010; x_wconf 86' lang='lat' dir='ltr'><strong>aquae</strong></span> <span class='ocrx_word' id='word_1_167' title='bbox 304 1956 386 2009; x_wconf 87' lang='lat' dir='ltr'><strong>porro</strong></span> <span class='ocrx_word' id='word_1_168' title='bbox 403 1940 508 1994; x_wconf 85' lang='lat' dir='ltr'><strong>ferrum</strong></span> <span class='ocrx_word' id='word_1_169' title='bbox 525 1939 659 1994; x_wconf 82' lang='lat' dir='ltr'><strong>condurat</strong></span> <span class='ocrx_word' id='word_1_170' title='bbox 676 1939 712 1993; x_wconf 86' lang='lat' dir='ltr'><strong>ab</strong></span> <span class='ocrx_word' id='word_1_171' title='bbox 728 1939 794 2008; x_wconf 84' lang='lat' dir='ltr'><strong>igni,</strong></span> 
     </span>
     <span class='ocr_line' id='line_1_26' title="bbox 104 2015 737 2072; baseline 0 -1"><span class='ocrx_word' id='word_1_172' title='bbox 104 2021 135 2072; x_wconf 89' lang='lat' dir='ltr'><strong>at</strong></span> <span class='ocrx_word' id='word_1_173' title='bbox 152 2017 226 2071; x_wconf 91' lang='lat' dir='ltr'><strong>coria</strong></span> <span class='ocrx_word' id='word_1_174' title='bbox 243 2021 273 2072; x_wconf 90' lang='lat' dir='ltr'><strong>et</strong></span> <span class='ocrx_word' id='word_1_175' title='bbox 290 2034 399 2072; x_wconf 89' lang='lat' dir='ltr'><strong>carnem</strong></span> <span class='ocrx_word' id='word_1_176' title='bbox 416 2016 506 2070; x_wconf 89' lang='lat' dir='ltr'><strong>mollit</strong></span> <span class='ocrx_word' id='word_1_177' title='bbox 524 2015 624 2070; x_wconf 76' lang='lat' dir='ltr'><strong>durata</strong></span> <span class='ocrx_word' id='word_1_178' title='bbox 641 2016 737 2071; x_wconf 87' lang='lat' dir='ltr'><strong>calore.</strong></span> 
     </span>
     <span class='ocr_line' id='line_1_27' title="bbox 104 2092 962 2162; baseline 0.002 -15"><span class='ocrx_word' id='word_1_179' title='bbox 104 2093 264 2162; x_wconf 75' lang='lat' dir='ltr'><strong>barbigeras</strong></span> <span class='ocrx_word' id='word_1_180' title='bbox 282 2093 401 2148; x_wconf 86' lang='lat' dir='ltr'><strong>oleaster</strong></span> <span class='ocrx_word' id='word_1_181' title='bbox 418 2109 451 2148; x_wconf 93' lang='lat' dir='ltr'><strong>eo</strong></span> <span class='ocrx_word' id='word_1_182' title='bbox 468 2092 545 2147; x_wconf 84' lang='lat' dir='ltr'><strong>iuvat</strong></span> <span class='ocrx_word' id='word_1_183' title='bbox 562 2108 651 2161; x_wconf 88' lang='lat' dir='ltr'><strong>usque</strong></span> <span class='ocrx_word' id='word_1_184' title='bbox 668 2093 793 2161; x_wconf 75' lang='lat' dir='ltr'><strong>mpellas,</strong></span> <span class='ocrx_word' id='word_1_185' title='bbox 908 2106 962 2149; x_wconf 59' lang='lat' dir='ltr'><strong>&gt;oro</strong></span> 
     </span>
     <span class='ocr_line' id='line_1_28' title="bbox 105 2169 855 2239; baseline 0.001 -15"><span class='ocrx_word' id='word_1_186' title='bbox 105 2170 198 2225; x_wconf 85' lang='lat' dir='ltr'><strong>effluat</strong></span> <span class='ocrx_word' id='word_1_187' title='bbox 215 2169 368 2225; x_wconf 85' lang='lat' dir='ltr'><strong>ambrosiae</strong></span> <span class='ocrx_word' id='word_1_188' title='bbox 384 2170 463 2239; x_wconf 86' lang='lat' dir='ltr'><strong>quasi</strong></span> <span class='ocrx_word' id='word_1_189' title='bbox 480 2185 546 2224; x_wconf 84' lang='lat' dir='ltr'><strong>vere</strong></span> <span class='ocrx_word' id='word_1_190' title='bbox 563 2172 592 2223; x_wconf 87' lang='lat' dir='ltr'><strong>et</strong></span> <span class='ocrx_word' id='word_1_191' title='bbox 610 2170 721 2223; x_wconf 83' lang='lat' dir='ltr'><strong>nectari&#39;</strong></span> <span class='ocrx_word' id='word_1_192' title='bbox 739 2170 855 2237; x_wconf 63' lang='lat' dir='ltr'><strong>linctum</strong></span> 
     </span>
     <span class='ocr_line' id='line_1_29' title="bbox 104 2245 848 2315; baseline 0.003 -15"><span class='ocrx_word' id='word_1_193' title='bbox 104 2264 160 2314; x_wconf 87' lang='lat' dir='ltr'><strong>qna</strong></span> <span class='ocrx_word' id='word_1_194' title='bbox 175 2246 213 2300; x_wconf 90' lang='lat' dir='ltr'><strong>nil</strong></span> <span class='ocrx_word' id='word_1_195' title='bbox 231 2250 275 2301; x_wconf 87' lang='lat' dir='ltr'><strong>cst</strong></span> <span class='ocrx_word' id='word_1_196' title='bbox 291 2247 395 2301; x_wconf 91' lang='lat' dir='ltr'><strong>homini</strong></span> <span class='ocrx_word' id='word_1_197' title='bbox 412 2245 487 2315; x_wconf 89' lang='lat' dir='ltr'><strong>quod</strong></span> <span class='ocrx_word' id='word_1_198' title='bbox 505 2246 617 2300; x_wconf 89' lang='lat' dir='ltr'><strong>amariu&#39;</strong></span> <span class='ocrx_word' id='word_1_199' title='bbox 634 2245 761 2301; x_wconf 80' lang='lat' dir='ltr'><strong>frondeat</strong></span> <span class='ocrx_word' id='word_1_200' title='bbox 778 2263 848 2302; x_wconf 90' lang='lat' dir='ltr'><strong>esca.</strong></span> 
     </span>
     <span class='ocr_line' id='line_1_30' title="bbox 105 2321 846 2391; baseline 0.003 -16"><span class='ocrx_word' id='word_1_201' title='bbox 105 2322 222 2391; x_wconf 86' lang='lat' dir='ltr'><strong>denique</strong></span> <span class='ocrx_word' id='word_1_202' title='bbox 240 2322 424 2377; x_wconf 84' lang='lat' dir='ltr'><strong>amaracinum</strong></span> <span class='ocrx_word' id='word_1_203' title='bbox 439 2321 542 2390; x_wconf 84' lang='lat' dir='ltr'><strong>fugitat</strong></span> <span class='ocrx_word' id='word_1_204' title='bbox 559 2338 606 2376; x_wconf 90' lang='lat' dir='ltr'><strong>sus</strong></span> <span class='ocrx_word' id='word_1_205' title='bbox 623 2325 652 2377; x_wconf 93' lang='lat' dir='ltr'><strong>et</strong></span> <span class='ocrx_word' id='word_1_206' title='bbox 669 2322 750 2377; x_wconf 88' lang='lat' dir='ltr'><strong>timet</strong></span> <span class='ocrx_word' id='word_1_207' title='bbox 766 2339 846 2377; x_wconf 85' lang='lat' dir='ltr'><strong>ennio</strong></span> 
     </span>
     <span class='ocr_line' id='line_1_31' title="bbox 104 2397 877 2469; baseline 0.003 -17"><span class='ocrx_word' id='word_1_208' title='bbox 104 2401 270 2467; x_wconf 77' lang='lat' dir='ltr'><strong>ungentum3</strong></span> <span class='ocrx_word' id='word_1_209' title='bbox 287 2415 350 2453; x_wconf 89' lang='lat' dir='ltr'><strong>nam</strong></span> <span class='ocrx_word' id='word_1_210' title='bbox 367 2397 510 2467; x_wconf 81' lang='lat' dir='ltr'><strong>saetigeris</strong></span> <span class='ocrx_word' id='word_1_211' title='bbox 527 2397 612 2453; x_wconf 91' lang='lat' dir='ltr'><strong>subus</strong></span> <span class='ocrx_word' id='word_1_212' title='bbox 628 2415 691 2453; x_wconf 86' lang='lat' dir='ltr'><strong>acre</strong></span> <span class='ocrx_word' id='word_1_213' title='bbox 708 2402 877 2469; x_wconf 83' lang='lat' dir='ltr'><strong>vencnumst,</strong></span> 
     </span>
     <span class='ocr_line' id='line_1_32' title="bbox 105 2474 961 2543; baseline 0.005 -15"><span class='ocrx_word' id='word_1_214' title='bbox 105 2474 180 2543; x_wconf 82' lang='lat' dir='ltr'><strong>qnod</strong></span> <span class='ocrx_word' id='word_1_215' title='bbox 197 2491 247 2528; x_wconf 85' lang='lat' dir='ltr'><strong>nos</strong></span> <span class='ocrx_word' id='word_1_216' title='bbox 263 2474 403 2529; x_wconf 88' lang='lat' dir='ltr'><strong>interdum</strong></span> <span class='ocrx_word' id='word_1_217' title='bbox 421 2477 562 2542; x_wconf 86' lang='lat' dir='ltr'><strong>tamquam</strong></span> <span class='ocrx_word' id='word_1_218' title='bbox 579 2491 705 2530; x_wconf 87' lang='lat' dir='ltr'><strong>recreare</strong></span> <span class='ocrx_word' id='word_1_219' title='bbox 721 2475 839 2531; x_wconf 83' lang='lat' dir='ltr'><strong>videtur.</strong></span> <span class='ocrx_word' id='word_1_220' title='bbox 923 2490 961 2532; x_wconf 73' lang='lat' dir='ltr'><strong>ero</strong></span> 
     </span>
     <span class='ocr_line' id='line_1_33' title="bbox 104 2548 813 2606; baseline -0.001 -2"><span class='ocrx_word' id='word_1_221' title='bbox 104 2555 134 2604; x_wconf 85' lang='lat' dir='ltr'><strong>at</strong></span> <span class='ocrx_word' id='word_1_222' title='bbox 152 2554 247 2605; x_wconf 87' lang='lat' dir='ltr'><strong>contra</strong></span> <span class='ocrx_word' id='word_1_223' title='bbox 264 2548 344 2603; x_wconf 89' lang='lat' dir='ltr'><strong>nobis</strong></span> <span class='ocrx_word' id='word_1_224' title='bbox 361 2566 474 2604; x_wconf 91' lang='lat' dir='ltr'><strong>caenum</strong></span> <span class='ocrx_word' id='word_1_225' title='bbox 491 2550 652 2604; x_wconf 85' lang='lat' dir='ltr'><strong>taeterrima</strong></span> <span class='ocrx_word' id='word_1_226' title='bbox 668 2568 731 2605; x_wconf 91' lang='lat' dir='ltr'><strong>cum</strong></span> <span class='ocrx_word' id='word_1_227' title='bbox 749 2551 787 2606; x_wconf 90' lang='lat' dir='ltr'><strong>sit</strong></span> <span class='ocrx_word' id='word_1_228' title='bbox 809 2597 813 2603; x_wconf 87' lang='lat'><strong>.</strong></span> 
     </span>
     <span class='ocr_line' id='line_1_34' title="bbox 105 2625 831 2697; baseline 0.001 -16"><span class='ocrx_word' id='word_1_229' title='bbox 105 2626 259 2695; x_wconf 85' lang='lat' dir='ltr'><strong>spurcities,</strong></span> <span class='ocrx_word' id='word_1_230' title='bbox 277 2626 374 2680; x_wconf 89' lang='lat' dir='ltr'><strong>cadem</strong></span> <span class='ocrx_word' id='word_1_231' title='bbox 393 2625 476 2680; x_wconf 85' lang='lat' dir='ltr'><strong>subus</strong></span> <span class='ocrx_word' id='word_1_232' title='bbox 492 2626 560 2681; x_wconf 87' lang='lat' dir='ltr'><strong>haec</strong></span> <span class='ocrx_word' id='word_1_233' title='bbox 578 2626 697 2682; x_wconf 87' lang='lat' dir='ltr'><strong>iucunda</strong></span> <span class='ocrx_word' id='word_1_234' title='bbox 713 2626 831 2697; x_wconf 79' lang='lat' dir='ltr'><strong>uidetur,</strong></span> 
     </span>
     <span class='ocr_line' id='line_1_35' title="bbox 104 2701 706 2758; baseline 0.007 -4"><span class='ocrx_word' id='word_1_235' title='bbox 104 2701 296 2756; x_wconf 88' lang='lat' dir='ltr'><strong>insatiabiliter</strong></span> <span class='ocrx_word' id='word_1_236' title='bbox 313 2701 366 2756; x_wconf 88' lang='lat' dir='ltr'><strong>toti</strong></span> <span class='ocrx_word' id='word_1_237' title='bbox 383 2707 416 2755; x_wconf 88' lang='lat' dir='ltr'><strong>ut</strong></span> <span class='ocrx_word' id='word_1_238' title='bbox 433 2701 576 2757; x_wconf 84' lang='lat' dir='ltr'><strong>volvantur</strong></span> <span class='ocrx_word' id='word_1_239' title='bbox 592 2701 706 2758; x_wconf 89' lang='lat' dir='ltr'><strong>ibidem.</strong></span> 
     </span>
    </p>

    <p class='ocr_par' dir='ltr' id='par_1_7' title="bbox 105 2775 962 3070">
     <span class='ocr_line' id='line_1_36' title="bbox 141 2775 838 2847; baseline 0.011 -20"><span class='ocrx_word' id='word_1_240' title='bbox 141 2775 202 2829; x_wconf 90' lang='lat' dir='ltr'><strong>Hoc</strong></span> <span class='ocrx_word' id='word_1_241' title='bbox 219 2776 301 2830; x_wconf 89' lang='lat' dir='ltr'><strong>ctiam</strong></span> <span class='ocrx_word' id='word_1_242' title='bbox 319 2780 450 2844; x_wconf 84' lang='lat' dir='ltr'><strong>superest,</strong></span> <span class='ocrx_word' id='word_1_243' title='bbox 469 2777 529 2846; x_wconf 87' lang='lat' dir='ltr'><strong>ipsa</strong></span> <span class='ocrx_word' id='word_1_244' title='bbox 545 2795 627 2847; x_wconf 86' lang='lat' dir='ltr'><strong>quam</strong></span> <span class='ocrx_word' id='word_1_245' title='bbox 645 2778 736 2835; x_wconf 85' lang='lat' dir='ltr'><strong>dicere</strong></span> <span class='ocrx_word' id='word_1_246' title='bbox 754 2780 789 2834; x_wconf 90' lang='lat' dir='ltr'><strong>de</strong></span> <span class='ocrx_word' id='word_1_247' title='bbox 806 2797 838 2835; x_wconf 91' lang='lat' dir='ltr'><strong>re</strong></span> 
     </span>
     <span class='ocr_line' id='line_1_37' title="bbox 105 2848 962 2921; baseline 0.014 -22"><span class='ocrx_word' id='word_1_248' title='bbox 105 2848 254 2914; x_wconf 82' lang='lat' dir='ltr'><strong>adgredior</strong></span> <span class='ocrx_word' id='word_1_249' title='bbox 271 2851 346 2918; x_wconf 91' lang='lat' dir='ltr'><strong>quod</strong></span> <span class='ocrx_word' id='word_1_250' title='bbox 364 2851 508 2906; x_wconf 86' lang='lat' dir='ltr'><strong>dicendum</strong></span> <span class='ocrx_word' id='word_1_251' title='bbox 527 2855 604 2921; x_wconf 83' lang='lat' dir='ltr'><strong>prius</strong></span> <span class='ocrx_word' id='word_1_252' title='bbox 620 2871 680 2910; x_wconf 89' lang='lat' dir='ltr'><strong>esse</strong></span> <span class='ocrx_word' id='word_1_253' title='bbox 698 2855 816 2911; x_wconf 79' lang='lat' dir='ltr'><strong>videtur.</strong></span> <span class='ocrx_word' id='word_1_254' title='bbox 923 2872 962 2911; x_wconf 86' lang='lat' dir='ltr'><strong>aso</strong></span> 
     </span>
     <span class='ocr_line' id='line_1_38' title="bbox 105 2922 828 2998; baseline 0.019 -26"><span class='ocrx_word' id='word_1_255' title='bbox 105 2922 193 2974; x_wconf 77' lang='lat' dir='ltr'><strong>niulta</strong></span> <span class='ocrx_word' id='word_1_256' title='bbox 208 2923 342 2977; x_wconf 82' lang='lat' dir='ltr'><strong>fommina</strong></span> <span class='ocrx_word' id='word_1_257' title='bbox 359 2941 420 2979; x_wconf 89' lang='lat' dir='ltr'><strong>cum</strong></span> <span class='ocrx_word' id='word_1_258' title='bbox 438 2928 520 2981; x_wconf 73' lang='lat' dir='ltr'><strong>uariis</strong></span> <span class='ocrx_word' id='word_1_259' title='bbox 538 2930 592 2984; x_wconf 90' lang='lat' dir='ltr'><strong>sint</strong></span> <span class='ocrx_word' id='word_1_260' title='bbox 609 2931 721 2985; x_wconf 78' lang='lat' dir='ltr'><strong>reddita</strong></span> <span class='ocrx_word' id='word_1_261' title='bbox 738 2933 828 2998; x_wconf 76' lang='lat' dir='ltr'><strong>rebus,</strong></span> 
     </span>
     <span class='ocr_line' id='line_1_39' title="bbox 106 2993 752 3070; baseline 0.026 -26"><span class='ocrx_word' id='word_1_262' title='bbox 106 2993 233 3047; x_wconf 88' lang='lat' dir='ltr'><strong>dissimili</strong></span> <span class='ocrx_word' id='word_1_263' title='bbox 249 2996 323 3049; x_wconf 86' lang='lat' dir='ltr'><strong>inter</strong></span> <span class='ocrx_word' id='word_1_264' title='bbox 341 3015 371 3051; x_wconf 88' lang='lat' dir='ltr'><strong>se</strong></span> <span class='ocrx_word' id='word_1_265' title='bbox 387 3005 487 3055; x_wconf 84' lang='lat' dir='ltr'><strong>natura</strong></span> <span class='ocrx_word' id='word_1_266' title='bbox 504 3005 630 3070; x_wconf 86' lang='lat' dir='ltr'><strong>praedita</strong></span> <span class='ocrx_word' id='word_1_267' title='bbox 648 3006 752 3062; x_wconf 89' lang='lat' dir='ltr'><strong>debent</strong></span> 
     </span>
    </p>
   </div>
   <div class='ocr_carea' id='block_1_3' title="bbox 107 3068 850 3154">
    <p class='ocr_par' dir='ltr' id='par_1_8' title="bbox 107 3068 850 3154">
     <span class='ocr_line' id='line_1_40' title="bbox 107 3068 850 3154; baseline 0.032 -39"><span class='ocrx_word' id='word_1_268' title='bbox 107 3082 167 3118; x_wconf 84' lang='lat' dir='ltr'><strong>esso</strong></span> <span class='ocrx_word' id='word_1_269' title='bbox 184 3070 214 3118; x_wconf 89' lang='lat' dir='ltr'><strong>et</strong></span> <span class='ocrx_word' id='word_1_270' title='bbox 231 3068 333 3124; x_wconf 88' lang='lat' dir='ltr'><strong>habero</strong></span> <span class='ocrx_word' id='word_1_271' title='bbox 351 3088 426 3127; x_wconf 86' lang='lat' dir='ltr'><strong>suam</strong></span> <span class='ocrx_word' id='word_1_272' title='bbox 444 3080 569 3132; x_wconf 78' lang='lat' dir='ltr'><strong>naturam</strong></span> <span class='ocrx_word' id='word_1_273' title='bbox 588 3098 713 3150; x_wconf 89' lang='lat' dir='ltr'><strong>quaeque</strong></span> <span class='ocrx_word' id='word_1_274' title='bbox 730 3084 850 3154; x_wconf 75' lang='lat' dir='ltr'><strong>viasque.</strong></span> 
     </span>
    </p>
   </div>
   <div class='ocr_carea' id='block_1_4' title="bbox 107 3138 844 3229">
    <p class='ocr_par' dir='ltr' id='par_1_9' title="bbox 107 3138 844 3229">
     <span class='ocr_line' id='line_1_41' title="bbox 107 3138 844 3229; baseline 0.043 -43"><span class='ocrx_word' id='word_1_275' title='bbox 107 3138 208 3204; x_wconf 86' lang='lat' dir='ltr'><strong>quippe</strong></span> <span class='ocrx_word' id='word_1_276' title='bbox 225 3144 326 3195; x_wconf 87' lang='lat' dir='ltr'><strong>etenim</strong></span> <span class='ocrx_word' id='word_1_277' title='bbox 344 3148 412 3200; x_wconf 81' lang='lat' dir='ltr'><strong>rarii</strong></span> <span class='ocrx_word' id='word_1_278' title='bbox 431 3166 526 3206; x_wconf 69' lang='lat' dir='ltr'><strong>sensus</strong></span> <span class='ocrx_word' id='word_1_279' title='bbox 543 3157 727 3213; x_wconf 84' lang='lat' dir='ltr'><strong>animantibus</strong></span> <span class='ocrx_word' id='word_1_280' title='bbox 743 3160 844 3229; x_wconf 79' lang='lat' dir='ltr'><strong>insunt,</strong></span> 
     </span>
    </p>
   </div>
   <div class='ocr_carea' id='block_1_5' title="bbox 0 0 1097 3404">
    <p class='ocr_par' dir='ltr' id='par_1_10' title="bbox 0 0 1097 3404">
     <span class='ocr_line' id='line_1_42' title="bbox 0 0 1097 3404; baseline 0 0"><span class='ocrx_word' id='word_1_281' title='bbox 0 0 1097 3404; x_wconf 95' lang='lat' dir='ltr'><strong> </strong></span> 
     </span>
    </p>
   </div>
  </div>
 </body>
</html>
