2138 3404
70 151 234 219 finitumque
251 149 331 217 foret,
348 150 403 205 ism
421 150 499 219 copis
517 148 644 205 materiai

69 227 192 296 undiquc
208 225 376 294 ponderibus
395 225 490 280 solidis
507 224 645 280 confluxet
663 225 700 280 nd
717 225 802 280 imum

69 320 182 358 necros
199 303 256 358 ulle
272 303 332 372 geri
350 302 400 357 sub
418 302 486 358 caeli
504 301 627 370 tegmine
644 306 738 370 posset

68 396 120 435 nec
136 380 208 434 foret
225 380 334 434 omnino
352 379 457 434 caelum
474 393 566 445 neque
586 377 691 432 lumina
708 377 780 445 solis,

69 457 172 526 quippe
188 455 236 509 ubi
253 455 384 510 materies
401 454 490 508 omnis
508 454 648 509 cumulata
666 453 769 509 iaceret
894 470 935 510 sss

68 549 104 587 ex
121 532 229 587 infinito
247 531 302 585 iam
320 534 445 599 tempore
463 529 639 584 subsidendo.

68 611 99 663 at
115 625 186 663 nunc
204 606 332 661 nimirum
350 607 460 676 requies
478 605 545 659 dats
562 605 757 675 plincipiorum

68 683 227 754 corposibus
244 682 353 750 nullast,
372 683 436 752 quia
453 682 492 736 nil
510 685 553 736 est
571 681 695 736 funditus
713 681 799 734 imum

69 776 123 828 quo
141 760 219 829 quusi
237 759 374 813 confluere
392 762 421 813 et
439 758 520 812 sedes
540 758 589 812 ubi
606 774 708 828 ponere
725 757 838 827 possint.

69 852 177 905 sompcr
193 836 223 888 in
240 834 356 889 adsiduo
375 838 452 889 motu
470 850 516 899 res
536 851 662 904 quaeque
678 837 812 903 gcmmtur
892 848 931 887 sos

67 912 192 980 partibus
210 928 224 965 c
241 911 346 965 cunctis
363 910 525 979 infernaque
543 911 754 980 suppeditantur

68 1003 104 1040 ex
121 987 228 1044 infinito
246 987 302 1041 cita
319 1002 433 1054 corpora
449 987 584 1041 materiai.

68 1065 208 1132 postremo
225 1067 289 1117 ente
307 1062 399 1117 oculos
417 1079 462 1117 res
481 1078 540 1116 rom
559 1061 637 1115 linire
655 1061 782 1128 videtur,

68 1155 117 1193 aer
134 1139 267 1209 dissaepit
284 1137 360 1194 collis
378 1142 462 1207 atque
481 1154 544 1193 aera
562 1140 677 1206 montes,
719 1194 723 1201 ,

68 1219 143 1270 terra
159 1232 236 1270 mare
254 1220 283 1269 et
300 1217 395 1268 contra
411 1231 488 1268 mare
506 1217 596 1268 terras
613 1215 743 1268 terminat
760 1213 862 1280 omnis;
880 1227 930 1268 icoo

68 1308 148 1346 omne
166 1292 278 1361 quidem
295 1306 361 1345 vcro
378 1290 416 1344 nil
434 1293 478 1344 est
495 1289 570 1359 quod
587 1290 665 1343 finiat
683 1293 769 1344 extra„

68 1370 111 1420 est
128 1368 214 1436 igitur
230 1372 329 1422 natura
346 1365 398 1421 loci
417 1366 591 1435 spatiumque
608 1366 745 1434 profundi,

68 1443 143 1511 quod
159 1460 248 1512 neque
266 1443 339 1497 clara
357 1460 405 1497 suo
423 1458 586 1518 percurrere
605 1443 719 1495 fulmina
736 1459 815 1496 cursu

67 1523 202 1586 perpetuo
220 1520 325 1586 possint
343 1520 403 1574 aevi
421 1517 544 1573 labentia
562 1521 653 1572 tractu

67 1610 118 1647 nec
134 1609 259 1661 prorsum
277 1595 367 1649 facere
384 1598 416 1649 ut
433 1597 521 1649 restet
542 1595 632 1647 minus
649 1594 690 1646 ire
708 1594 839 1659 mesnd03
877 1610 929 1650 loos

67 1685 154 1736 usque
172 1668 241 1723 sdeo
258 1672 359 1737 passim
376 1674 454 1740 patet
472 1671 568 1738 ingens
589 1670 667 1738 copia
684 1669 767 1723 rebus

68 1745 168 1798 finibus
185 1746 321 1812 exemptis
337 1746 365 1799 in
385 1750 496 1801 cunctas
514 1745 637 1815 undique
655 1746 798 1814 partis„

105 1821 172 1888 Ipse
190 1820 302 1874 modum
320 1839 402 1891 porro
420 1822 472 1875 sibi
491 1838 583 1876 rerum
602 1839 708 1875 summa
725 1838 823 1891 parare

66 1913 101 1950 ne
118 1895 211 1965 possit,
229 1900 328 1950 natura
345 1901 430 1965 tonet,
450 1915 521 1967 quae
540 1913 639 1968 corpus
657 1898 730 1951 inani

67 1975 98 2026 et
115 1970 189 2040 quod
206 1971 286 2025 inane
304 1976 397 2027 autem
415 1976 458 2027 est
476 1974 549 2027 finiri
568 1990 681 2042 corpore
699 1974 780 2043 cogit,
877 1991 926 2032 nuo

66 2052 99 2102 ut
117 2048 156 2101 sic
173 2047 285 2102 alternis
303 2049 409 2103 infinita
427 2051 519 2103 omnia
536 2049 644 2117 reddet,

67 2123 215 2179 autetiam
231 2124 405 2192 alterutrum,
424 2125 477 2178 nisi
494 2126 625 2179 terminet
644 2125 769 2195 alterum,
787 2142 883 2181 eorum

67 2200 189 2270 simplice
206 2203 303 2255 natura
320 2204 415 2271 pateat
433 2204 525 2255 temcn
542 2201 749 2255 inmoderatum.

489 2294 508 2328 s

66 2369 117 2407 noc
134 2370 278 2407 maroneo
296 2353 378 2407 tellus
395 2369 485 2421 neque
503 2352 572 2407 caeli
590 2353 681 2407 lucida
698 2353 802 2421 templa

66 2444 116 2482 nco
133 2429 249 2483 mortale
266 2445 351 2498 genus
368 2445 420 2482 nec
438 2428 533 2482 divum
551 2445 664 2498 corpora
682 2434 777 2483 sancta
874 2445 924 2486 1015

67 2504 194 2572 exiguum
212 2508 325 2573 possent
341 2496 418 2558 horsi
436 2504 535 2558 sistere
552 2507 668 2572 tempus.

66 2596 129 2634 nam
147 2580 269 2652 dispulsa
288 2598 337 2635 suo
355 2581 489 2636 decoctu
507 2581 634 2637 materiai

66 2657 143 2725 copia
159 2658 280 2712 ferretur
297 2674 426 2726 magnum
444 2662 494 2726 per
512 2656 593 2712 inane
611 2656 708 2726 soluta,

66 2732 122 2786 sive
140 2732 210 2786 adeo
227 2733 319 2801 potius
336 2750 485 2800 numquam
503 2737 630 2788 concreta
647 2737 767 2788 creasset

66 2805 150 2858 ullam
167 2822 234 2872 rem,
253 2807 380 2873 quoniam
398 2807 457 2874 cogi
475 2807 589 2862 disiecta
607 2809 756 2876 nequisset.
873 2825 922 2865 1020

67 2894 131 2928 nam
148 2882 224 2930 certe
241 2895 332 2945 neque
349 2881 460 2934 consilio
477 2881 628 2949 primordia
646 2898 738 2936 rerum
808 2930 810 2933 ,
893 2928 896 2935 .

69 2950 164 3002 ordine
182 2967 212 3003 se
224 2968 278 3006 ,suo
296 2970 420 3021 quaeque
438 2956 528 3023 sagaci
545 2960 638 3010 mente
656 2957 779 3012 locamnt

69 3039 119 3075 nec
136 3040 205 3089 quos
223 3040 348 3092 quaeque
365 3029 468 3080 dorem
485 3036 578 3083 motus
591 3033 726 3099 pepipcrc
737 3033 874 3104 prmus,

70 3096 121 3153 scd.
138 3097 202 3162 quio
218 3097 305 3149 multo
321 3100 409 3150 niudis
426 3102 521 3153 mnltis
537 3107 645 3158 mutata
661 3123 712 3173 per
729 3123 809 3162 omne

17 3260 542 3362 [Μ
662 3320 698 3362 A
