2190 3398
93 116 134 176 46
503 114 537 172 II

92 216 234 273 munificet
250 216 336 273 tacita
353 215 477 272 mortalis
493 220 571 272 muta
587 216 684 287 solute,
910 230 956 277 ort

92 311 156 349 esre
173 297 257 364 atque
274 296 388 362 argento
406 296 533 348 sternunt
550 293 604 348 iter
621 310 703 350 omne
719 294 822 351 viarum

92 370 214 439 largifica
231 371 304 440 stipe
321 368 442 425 ditantes
459 369 630 440 ninguntque
646 387 770 426 rosarum

91 446 204 501 floribus
222 447 380 501 umbrantes
397 451 515 501 matrem
532 446 717 517 comitumque
734 455 866 504 catervas

92 522 136 577 hic
153 526 259 578 minuta
276 538 379 591 manus,
398 522 514 577 Curetes
530 522 639 578 nomine
656 523 723 578 Grai

92 617 160 667 quos
171 601 324 653 memorent
337 598 477 668 Phrygios,
488 599 561 652 mter
572 615 601 653 se
613 599 685 653 forte
696 602 774 667 quod
782 602 877 657 omnis
912 618 956 658 nro

91 676 191 730 ludunt
206 674 236 728 in
255 691 453 743 numerumque
471 674 597 729 exultent
614 677 813 744 sanguinolenti

91 752 224 806 terrificas
244 751 364 821 capitum
384 751 540 819 quatientes
557 751 675 807 momine
693 754 797 823 cristae,

93 828 221 882 Dictaeos
239 828 363 881 referunt
383 826 498 882 Curetes
516 827 563 895 qni
581 827 655 882 Iovis
672 829 749 884 illum

92 904 214 972 rugitum
230 904 259 957 in
278 902 360 957 Creta
379 903 515 971 quondam
533 903 683 959 occultasse
699 905 832 974 lenmtur,

92 997 155 1035 cum
172 980 251 1050 pueri
270 980 371 1033 circum
389 996 506 1048 puerum
524 979 634 1049 pernice
652 981 751 1037 choree

92 1058 206 1113 armetei
224 1057 253 1110 in
270 1073 413 1110 numerum
432 1057 574 1126 pulsarent
591 1057 700 1113 aeribus
717 1076 789 1128 nera,

92 1153 128 1190 ne
146 1136 279 1190 Saturnus
297 1150 360 1188 eum
373 1133 455 1187 melis
473 1133 618 1189 mandaret
635 1135 753 1206 adeptus

92 1216 289 1280 aeternumque
306 1211 386 1264 duret
404 1210 487 1264 matri
507 1210 557 1264 sub
574 1214 687 1281 pectore
704 1213 806 1268 volnus.

93 1293 240 1360 propterea
257 1304 384 1357 magnum
403 1286 501 1356 armati
520 1290 637 1341 matrem
655 1289 828 1357 comitantur,
912 1302 955 1344 suo
976 1296 980 1302 ⁴

93 1370 142 1421 aut
159 1368 222 1435 quia
240 1365 393 1434 significant
412 1363 502 1416 divum
520 1363 679 1433 praedicere
697 1368 729 1419 ut
745 1366 828 1420 armis

94 1460 126 1497 ac
143 1445 245 1499 virtute
263 1440 348 1496 velint
365 1440 483 1510 petriam
501 1438 650 1494 defendere
667 1445 769 1495 tonum

93 1519 284 1590 praesidioque
302 1521 401 1588 putent
419 1515 565 1584 decorique
582 1517 742 1586 parentibus
760 1533 826 1572 esse.

94 1612 163 1664 qnae
180 1596 250 1650 bene
268 1598 297 1649 et
315 1593 413 1649 eximie
430 1593 554 1660 quamvis
572 1593 695 1663 disposta
712 1595 843 1661 ferantur,

94 1671 174 1739 longe
195 1674 258 1724 sunt
276 1674 371 1725 tamen
388 1687 406 1722 a
422 1686 488 1723 vera
505 1669 612 1724 ratione
630 1671 746 1740 repulsa.
912 1684 953 1725 ote

95 1748 181 1802 omnis
200 1749 272 1800 enim
289 1764 340 1816 per
358 1763 387 1800 se
405 1745 495 1799 divom
512 1749 611 1800 natura
628 1750 765 1802 necessest

93 1824 231 1878 inmortali
249 1841 316 1877 aevo
335 1840 440 1876 summa
459 1840 520 1877 cum
538 1839 605 1892 pace
622 1821 731 1877 fruatur

96 1903 200 1954 semota
218 1900 370 1954 abnostris
388 1898 471 1952 rebus
489 1899 666 1967 seiunctaque
684 1899 771 1968 longe.

95 1994 157 2031 nam
175 1976 282 2047 private
301 1975 394 2029 dolore
413 1975 493 2043 omni,
512 1976 619 2044 private
637 1976 753 2044 periclis,

93 2056 154 2124 ipsa
172 2054 227 2106 suis
245 2053 350 2123 pollens
369 2051 473 2121 opibus,
491 2052 529 2105 nil
546 2051 638 2120 indiga
657 2052 751 2120 nostri,
914 2065 953 2106 eso

94 2149 144 2186 nee
161 2132 231 2186 bene
249 2129 406 2200 promeritis
426 2129 534 2198 capitur
552 2144 640 2196 neque
658 2129 780 2197 iungitur
796 2128 882 2207 ira„

49 2223 82 2256 os
94 2209 139 2262 hic
156 2208 239 2277 siquis
257 2223 333 2260 mare
352 2205 513 2274 Neptunum
534 2203 717 2273 Cereremque
734 2221 831 2259 vocare

95 2285 236 2339 constituit
254 2284 347 2351 fruges
364 2285 394 2336 et
413 2281 515 2336 Bacchi
533 2282 640 2335 nomine
658 2281 735 2335 abuti

95 2362 197 2415 mavolt
215 2376 297 2430 quem
313 2358 402 2413 laticis
421 2357 563 2427 proprium
581 2358 704 2426 proferre
721 2374 858 2426 vocamen,

95 2438 273 2492 concedamus
291 2439 323 2490 ut
340 2434 384 2488 hic
402 2438 538 2488 terrerum
556 2433 667 2488 dictitet
684 2433 777 2488 orbem
915 2447 953 2487 oss

95 2532 155 2570 esse
173 2515 255 2568 deum
273 2516 398 2579 matrem,
417 2510 483 2564 dum
501 2527 567 2564 vera
584 2527 615 2564 re
632 2513 725 2564 tumen
742 2510 801 2580 ipsc

49 2591 225 2660 rereligione
244 2591 363 2644 animum
380 2587 456 2657 turpi
475 2587 632 2655 contingere
650 2589 753 2656 percat.

48 2683 81 2716 ou
94 2671 170 2722 terra
187 2668 297 2736 quidem
314 2682 379 2720 vero
397 2669 474 2720 caret
492 2663 566 2717 omni
583 2667 708 2733 tempore
725 2679 812 2731 sensu,

95 2749 124 2799 et
141 2745 205 2813 quin
221 2744 369 2798 multamm
389 2742 494 2811 potitur
512 2739 778 2811 primordiorum,

95 2821 181 2873 multa
197 2821 286 2872 modis
303 2819 397 2872 multis
421 2819 501 2872 effert
518 2818 547 2869 in
566 2817 670 2869 luminu
688 2816 757 2868 solis.
917 2826 955 2867 out

50 2905 84 2936 ⁶⁶⁰
131 2895 218 2960 Saepe
236 2894 330 2960 itaque
349 2911 383 2946 cx
401 2911 455 2946 uno
474 2893 620 2946 tondentes
638 2891 874 2959 greminacumpo

94 2967 233 3031 lanigerae
252 2968 373 3032 pecudes
391 2971 420 3020 ct
438 2985 570 3034 equorum
590 2966 707 3020 duellica
723 2966 815 3036 proles

97 3037 282 3103 buceriaeque
299 3055 396 3104 greges
414 3043 511 3093 codem
530 3043 580 3094 sub
598 3042 719 3108 tegmine
737 3041 806 3095 caeli

99 3126 134 3161 ox
152 3125 260 3176 unoque
278 3112 354 3161 sitim
372 3113 500 3166 sedantes
518 3116 628 3167 flumine
645 3117 725 3182 aquai

100 3181 226 3234 dissimili
243 3181 336 3243 vivont
353 3185 443 3249 specie
460 3188 636 3255 retinentque
653 3194 798 3257 parentum
