2190 3398
513 104 586 160 1111
926 106 984 163 105
1083 60 1084 63 ¹

28 218 32 221 ’
130 206 234 275 qnippe
252 204 298 257 nbi
315 205 358 258 cui
374 204 460 258 febris
478 205 525 258 bili
542 208 689 274 superante
706 209 801 258 crrorta
818 210 862 260 cst

132 285 180 335 aiut
198 281 254 334 alia
271 281 377 335 ratione
394 280 513 350 aliquast
530 280 572 335 vis
589 280 681 334 excita
697 280 793 348 morbi,
955 296 991 336 ocu

132 357 313 428 perturbatur
330 357 368 411 ibi
386 357 441 411 iam
458 361 548 412 totum
565 375 664 427 eorpus
682 360 712 411 ct
729 374 824 412 omncs

132 439 337 489 commutantur
354 433 392 488 ibi
409 435 549 504 positurae
566 434 777 504 principiorum

132 512 164 565 fit
181 512 259 580 prius
276 509 313 564 ad
330 527 441 565 sensum
458 518 490 564 ut
507 527 577 580 quse
594 528 709 580 corpora
726 510 923 565 conveniebant

131 603 204 641 nuno
220 604 276 640 non
293 587 462 652 conveniant,
481 589 511 640 et
528 591 620 641 cetera
637 588 693 640 sint
710 588 799 656 magis
815 589 889 656 apto,

131 679 202 732 quae
214 666 361 733 penetrata
372 665 477 731 queunt
490 679 600 716 sensum
613 662 777 732 progignere
789 662 926 717 acerbinn.
950 668 992 716 oio

553 750 572 785 r

131 828 249 894 utraque
267 824 340 879 enim
359 829 423 878 sunt
441 824 469 878 in
486 825 573 879 mellis
591 825 738 879 commixta
756 842 867 896 sapore;

131 901 161 955 id
179 901 326 970 quodiam
344 917 443 970 supera
459 901 511 954 tibi
530 916 612 970 saepe
629 901 798 956 ostendimus
816 907 887 957 arite.

167 978 250 1032 Nunc
268 994 319 1045 age
337 994 390 1045 quo
408 982 489 1046 pacto
507 977 580 1031 naris
598 977 721 1031 adiectus
739 977 830 1033 odoris

133 1056 232 1122 tangat
249 1070 335 1121 agam.
353 1053 471 1124 primum
489 1070 533 1106 res
551 1053 653 1107 multas
671 1070 731 1108 csse
748 1058 888 1109 necessest

132 1130 206 1187 unde
224 1129 312 1184 fluens
324 1130 420 1185 'voluat
437 1130 528 1182 rarius
550 1145 580 1183 se
597 1129 696 1184 fluctus
715 1130 838 1197 odorum,
956 1143 992 1181 ors

133 1210 162 1261 et
179 1206 267 1260 fluere
284 1210 313 1259 ct
330 1206 405 1260 mitti
422 1205 500 1273 volgo
518 1206 664 1275 spargique
682 1205 877 1276 putandumst;

133 1298 229 1336 rerum
247 1282 306 1336 aliis
324 1282 392 1336 alius
410 1282 497 1350 magis
515 1285 558 1335 est
574 1281 756 1337 animantibus
774 1287 855 1352 aptus

133 1358 274 1412 dissimilis
291 1361 407 1427 propter
424 1358 532 1412 formes.
549 1357 666 1426 ideoque
684 1375 735 1427 per
751 1376 833 1413 auras

132 1435 220 1488 mellis
238 1451 305 1503 apes
322 1433 446 1501 quamvis
463 1433 544 1503 longe
562 1433 698 1488 ducuntur
716 1434 807 1503 odore,

132 1510 298 1579 volturiique
316 1510 501 1564 cadaveribus.
520 1514 579 1564 tum
597 1510 661 1564 fissa
678 1510 798 1565 ferarum
956 1523 993 1563 oso

132 1586 305 1655 ungulaque
323 1586 419 1640 tulerit
436 1603 559 1654 gressum
577 1586 710 1655 permissa
727 1603 823 1640 eanum
841 1586 881 1640 vis

134 1661 219 1729 ducit,
238 1664 268 1716 ct
284 1661 432 1715 humanum
449 1663 530 1730 longe
547 1662 700 1731 praesentit
718 1661 829 1716 odorem

135 1738 344 1792 Romulidarum
362 1738 432 1791 arcis
451 1741 574 1791 servator
591 1737 723 1792 candidus
741 1754 827 1792 anser.

135 1815 174 1869 sic
192 1814 254 1868 aliis
271 1815 340 1867 alius
357 1813 437 1867 nidor
455 1813 537 1868 datus
554 1814 591 1867 ad
608 1830 657 1868 sua
675 1831 811 1882 quemque

134 1890 238 1960 pabula
255 1890 332 1944 ducit
349 1894 379 1944 et
396 1908 413 1944 a
430 1893 521 1944 taetro
539 1890 644 1945 resilire
660 1907 763 1944 veneno
959 1903 995 1942 osu

135 1967 217 2035 cogit,
235 1983 322 2034 eoque
339 1967 421 2020 modo
439 1970 583 2020 servantur
602 1967 690 2021 saecla
706 1967 832 2021 ferarum.

172 2043 228 2097 llic
246 2041 314 2095 odor
330 2043 391 2112 ipso
408 2043 501 2110 igitur,
518 2042 593 2096 naris
611 2044 774 2112 quicumque
791 2042 908 2109 lacessit,

135 2122 180 2172 est
197 2117 250 2172 alio
268 2122 300 2171 ut
316 2118 404 2186 pessit
420 2118 546 2188 permitti
563 2118 669 2187 longius
685 2120 764 2174 alter.

136 2194 186 2248 sed
203 2197 298 2248 tamen
314 2194 389 2248 haud
406 2195 548 2264 quisquam
567 2198 624 2249 tam
642 2195 723 2264 longe
738 2196 828 2250 fertur
845 2210 939 2248 corum

135 2287 218 2339 quam
232 2271 342 2338 sonitus,
355 2287 436 2340 quam
449 2284 509 2337 vox,
522 2272 604 2326 mitte
615 2272 669 2326 iam
682 2272 775 2326 dicere
787 2288 867 2341 quam
880 2286 925 2324 res
957 2284 994 2322 ooo

134 2364 205 2416 qnae
222 2346 326 2400 feriunt
342 2346 481 2400 oculorum
499 2349 571 2402 acics
588 2348 730 2417 visumque
747 2347 890 2402 lacessunt.

135 2422 308 2477 errabundus
325 2423 398 2477 enim
415 2423 496 2478 tarde
514 2425 589 2479 venit
607 2441 639 2478 ac
656 2426 729 2494 perit
747 2428 812 2479 ante

134 2499 268 2568 paulatim
286 2499 372 2552 facilis
391 2499 541 2554 distractus
557 2500 586 2553 in
604 2501 674 2555 acris
692 2517 787 2566 auras3

134 2591 170 2628 ex
188 2574 246 2628 alte
263 2575 381 2645 primum
399 2576 463 2643 quia
480 2577 525 2629 vix
543 2577 679 2631 emittitur
696 2593 731 2631 ex
750 2593 794 2630 re:

136 2667 199 2704 uam
217 2651 328 2720 penitus
345 2651 431 2705 fluere
448 2656 532 2721 atque
550 2652 680 2707 recodere
698 2652 780 2707 rebus
798 2651 896 2705 odores
959 2664 996 2703 ocu

135 2726 273 2795 significat
290 2726 365 2796 quod
382 2728 469 2781 fructa
486 2728 574 2796 magis
591 2727 716 2783 redolere
734 2728 862 2782 videntur

135 2803 234 2871 omnia,
252 2802 327 2871 qnod
343 2804 469 2870 contrita,
486 2804 559 2872 quod
576 2806 632 2873 igni
649 2803 850 2859 conlabefactat:

135 2878 237 2933 deinde
254 2879 350 2934 videre
367 2879 433 2934 licet
450 2880 597 2934 maioribus
614 2897 675 2935 csso
692 2883 815 2934 creatum

134 2954 277 3024 principiis
295 2971 376 3024 quam
394 2971 455 3020 vox,
472 2957 601 3024 qnoniam
618 2973 668 3023 per
686 2972 767 3008 saxea
786 2957 882 3021 saepta

135 3046 191 3084 non
208 3034 346 3100 penetrat,
364 3047 419 3100 qua
435 3046 489 3086 vox
506 3030 585 3097 volgo
602 3031 760 3097 sonitusque
777 3028 911 3080 feruntur.
961 3037 998 3077 roo

136 3123 224 3175 quare
240 3106 325 3161 otiam
343 3106 418 3174 quod
436 3105 493 3158 olet
508 3121 563 3157 non
579 3106 637 3156 tam
654 3103 733 3155 facile
751 3116 812 3152 esse
829 3096 935 3150 videbis

134 3181 304 3250 investigare
321 3183 349 3234 in
367 3197 422 3248 qua
439 3180 476 3232 sit
492 3178 604 3244 regione
621 3176 746 3229 locatum.

136 3257 166 3301 12
