2176 3404
547 53 577 109 V
773 78 775 83 ·
925 55 983 112 153

129 172 180 213 nec
197 159 289 211 minus
306 156 422 224 argente¹
437 158 527 211 facere
544 156 612 210 haee
630 171 750 225 auroque
767 157 903 226 parabant

129 251 213 304 quam
231 233 316 286 validi
334 233 451 300 primum
469 232 598 286 violentis
613 231 717 285 viribus
734 233 813 298 aeris,
936 246 985 286 1210

128 311 304 380 nequiquam,
323 309 449 377 quoniam
467 308 585 363 cedebat
603 309 676 363 victa
693 311 816 377 potestas

127 404 178 442 nee
196 389 308 456 poterat
324 385 429 454 putten
448 385 547 438 durum
566 385 681 439 sufferre
698 385 827 438 laborem.

129 467 189 518 ium
207 462 261 516 fuit
278 462 306 514 in
323 462 413 530 pretio
430 462 517 529 magis
534 478 580 536 ees
597 478 748 531 aurumque
764 461 872 515 iacebat

128 544 244 608 propter
261 537 438 592 inutilitatem
457 537 550 591 hebeti
569 553 698 591 mucrene
715 541 846 591 retusum.

129 613 911 684 nunciaeetaes,auruminsummumsuecessithonorem.
935 625 984 666 rara

129 693 169 745 sic
187 691 322 744 volvenda
336 694 413 744 aetas
430 694 581 745 conrmntat
598 695 724 758 tempora
741 706 840 744 rerum.

129 768 206 836 qnod
223 767 277 821 fuit
294 767 322 820 in
340 768 436 836 pretio,
454 767 487 821 fit
504 767 577 820 nullo
597 766 715 833 denique
733 766 849 832 honore;

129 861 213 913 porro
231 844 300 898 aliut
317 844 438 897 succedit
457 848 486 898 et
503 861 517 897 e
534 843 735 912 contemptibus
753 841 812 895 exit

77 915 97 995 11
128 924 214 989 inque
232 920 292 974 dies
309 921 395 988 magis
413 920 554 990 adpetitur
571 920 705 988 floretque
723 921 864 987 repertum

129 997 258 1051 laudibus
276 1000 306 1050 et
323 999 391 1051 miro
409 1001 451 1052 est
469 997 590 1051 mortalis
606 997 679 1051 iuter
696 996 806 1050 honore.
934 1007 984 1047 raso

166 1074 248 1127 Nune
265 1074 317 1127 tibi
334 1092 388 1142 quo
404 1077 485 1144 paeto
503 1075 569 1127 ferri
587 1078 685 1128 natura
702 1076 813 1140 reperta
983 1073 995 1091 ⁸

131 1151 168 1204 sit
185 1149 294 1204 facilest
312 1151 363 1218 ipsi
379 1167 430 1219 per
447 1156 477 1204 te
494 1167 663 1218 cognoscere,
682 1148 803 1203 Memmi.

131 1243 207 1279 arma
225 1226 340 1295 antiqua
356 1243 451 1299 mappa
471 1243 576 1294 ungues
593 1226 746 1294 dentesque
763 1224 874 1277 fuerunt
933 1072 1066 1296 μ

130 1306 161 1355 01
178 1302 286 1371 lapides
303 1304 415 1356 etitem
433 1303 562 1357 silvarum
580 1302 714 1371 fragmina
731 1300 837 1367 rami,··

131 1378 275 1432 ettiamma
283 1382 367 1447 atque
373 1379 606 1449 ignes,postquam
612 1381 676 1432 sunt
683 1375 919 1446 cognitaprimum.
935 1386 984 1425 mss

130 1455 269 1522 posterius
286 1454 351 1507 ferri
368 1455 409 1508 vis
427 1461 471 1509 est
488 1456 614 1523 aerisque
632 1458 749 1523 reperta.

132 1534 160 1584 et
177 1531 254 1598 prior
272 1530 344 1584 acris
362 1534 422 1584 erat
440 1548 522 1599 quam
539 1530 606 1584 ferri
624 1530 749 1598 cognitus
766 1544 840 1596 usus,

22 1642 23 1667 ,
132 1623 186 1675 quo
203 1606 290 1660 facilis
308 1607 393 1674 magis
411 1612 455 1660 est
472 1609 571 1660 natura
589 1610 617 1660 et
636 1607 715 1675 eopia
731 1606 825 1658 maior.

131 1699 196 1737 aere
214 1682 302 1736 solum
319 1687 411 1736 terrae
428 1683 592 1751 tractabant,
610 1698 728 1750 aereque
745 1681 811 1735 belii

131 1759 285 1835 miscebant
302 1760 401 1813 fluetus
418 1762 448 1813 et
465 1759 579 1813 vulnera
596 1762 674 1812 vasta
693 1758 820 1813 serebant
935 1771 985 1810 nso

132 1838 162 1888 ct
179 1836 263 1904 petus
280 1830 365 1904 atque
382 1852 462 1903 agros
480 1834 644 1891 adimebant.
661 1852 725 1889 nam
742 1835 822 1889 facile
837 1833 902 1887 01110

132 1911 224 1965 omnia
241 1911 375 1965 cedebant
391 1911 507 1964 armatis
524 1911 598 1964 nuda
616 1915 645 1965 et
662 1912 773 1965 inerma.
880 1928 886 1937 ·

22 1990 23 1993 ’
131 1987 197 2041 iude
214 1988 371 2041 minutatim
389 1988 521 2056 processit
538 1988 644 2041 ferreus
662 1988 734 2041 ensis

37 2068 42 2078 “
132 2080 266 2132 versaque
283 2065 312 2117 in
329 2064 491 2132 obprobium
510 2064 614 2132 speeies
632 2067 675 2118 est
692 2063 769 2117 falcis
786 2063 896 2130 aheneo,

22 2160 23 2165 ¹
131 2144 161 2194 et
178 2140 252 2193 ferro
270 2156 384 2209 coepere
402 2124 488 2193 selum
506 2140 681 2209 proscindere
699 2143 790 2193 terrae
937 2151 993 2190 raes

131 2219 340 2285 exaequataque
358 2220 422 2270 sunt
439 2216 545 2294 creperi
563 2217 713 2270 certamina
730 2215 802 2268 belli.

130 2296 162 2346 et
178 2292 256 2362 prius
274 2296 316 2346 est
334 2297 469 2346 armatum
486 2293 514 2346 111
532 2293 595 2362 equi
613 2293 794 2347 conscendere
811 2293 901 2346 costas

131 2372 163 2422 ot
180 2369 347 2423 moderarier
364 2369 436 2423 hunc
453 2369 538 2423 frenis
556 2369 710 2437 dextraque
727 2369 820 2436 rigere

131 2461 215 2513 quam
233 2443 325 2514 biiugo
343 2462 425 2499 curru
442 2445 507 2500 belli
525 2449 662 2515 temptare
679 2445 787 2514 pericla

131 2524 163 2574 et
180 2520 287 2589 biiugos
304 2522 380 2590 prius
399 2525 443 2576 est
462 2539 544 2591 quam
562 2520 604 2575 bis
623 2523 787 2589 coniungere
804 2519 885 2574 binos
935 2533 984 2575 1000

22 2628 23 2645 r
132 2599 163 2650 et
180 2614 262 2667 quam
281 2597 417 2655 falciferos
434 2602 571 2652 armatum
590 2597 738 2652 escendere
755 2613 859 2651 currus.

131 2673 198 2729 inde
215 2672 299 2727 boves
317 2675 394 2728 lucas
412 2674 512 2727 turrito
530 2690 650 2742 comere,
667 2676 780 2738 taetras,

133 2749 319 2818 anguimanus,
337 2749 403 2804 belli
421 2752 573 2804 docuerunt
590 2750 700 2803 volnera
719 2748 804 2801 Poeni

134 2824 248 2878 sufferre
265 2829 294 2880 et
312 2843 425 2894 magnas
444 2827 542 2880 Martis
560 2826 672 2881 turbere
690 2828 820 2878 catervas.

134 2900 173 2953 sic
190 2900 246 2954 alid
264 2919 298 2955 ex
316 2903 368 2956 alio
386 2904 494 2972 peperit
512 2902 648 2957 discordia
665 2900 760 2965 tristis,
937 2915 985 2953 mos

134 2976 264 3030 horribile
281 2978 407 3031 hurnanis
425 2979 499 3046 quod
516 2979 644 3045 gentibus
662 2980 736 3030 esset
753 2976 781 3026 in
799 2974 888 3040 armis,

133 3052 225 3120 inque.
236 3053 296 3106 dies
313 3054 379 3106 beili
398 3053 550 3105 terroribus
568 3052 678 3106 addidit
695 3065 817 3116 augmen.

23 3170 26 3199 ,
169 3128 350 3202 'tempserunt
368 3130 451 3184 etiam
469 3131 563 3183 tauros
579 3126 607 3180 in
625 3140 753 3181 moenere
769 3122 834 3176 belli
