2176 3404
534 118 584 189 vi
925 132 982 190 ros
1079 152 1080 179 r

127 255 164 292 ne
181 237 233 292 tibi
252 237 288 291 sit
306 235 380 290 frudi
396 235 471 304 quod
488 251 538 288 nos
554 234 661 288 inferne
679 235 803 289 videmus

126 331 211 382 quem
223 313 284 366 sint
289 313 346 366 lata
358 312 444 378 magis
456 327 538 378 quarn
551 327 658 363 sursum
669 315 795 377 estructa
803 310 871 380 quid
880 313 984 368 extent

127 389 327 456 contemplator
345 387 425 453 onim,
443 403 506 440 cum
523 385 662 439 montibus
681 387 846 442 adsimulata

126 465 223 519 nubilo
240 463 390 533 portabunt
409 463 483 516 venti
501 466 658 517 transversa
676 480 833 533 pensuros,
948 479 984 520 iso

126 544 176 595 aut
193 541 242 594 ubi
259 557 310 610 per
328 556 440 608 magnos
458 540 559 593 montis
578 540 717 594 cumulata
733 540 840 595 videbis

126 619 240 687 insuper
259 634 318 671 esse
336 616 395 669 aliis
413 616 467 668 alia
484 619 568 684 atque
585 633 705 685 urguere
722 633 840 686 superne

126 695 155 747 in
174 694 293 748 statione
311 693 399 746 locata
418 691 533 760 sepultis
552 692 675 760 undique
691 694 787 747 ventis.

125 776 187 825 tum
204 770 310 840 poteris
328 785 440 837 magnas
458 768 544 822 moles
563 784 727 836 cognoscere
744 784 839 824 eorum

127 847 325 917 speluncasque
342 846 418 900 velut
437 845 510 900 saxis
527 845 703 915 pendentibu’
721 849 841 901 stmctes

126 941 247 990 eernere,
265 939 333 992 quas
350 922 426 985 venti
444 939 506 976 cum
527 925 694 991 tempestate
711 925 812 976 coorta'

126 1001 299 1069 conplerunt‚
317 996 416 1067 magno
433 998 612 1067 indignantur
629 1015 769 1052 murmure
786 999 870 1052 clausi

126 1076 247 1130 nubibus
264 1076 293 1128 in
311 1075 454 1143 caveisque
473 1075 593 1128 foramm
611 1091 687 1128 more
704 1076 857 1141 minantur;

127 1171 199 1208 nunc
216 1153 280 1206 hinc
298 1167 369 1205 nunc
386 1151 459 1205 illinc
478 1151 606 1211 fremitus
624 1168 674 1220 per
692 1151 784 1204 nubile
801 1151 916 1206 mittunt

127 1232 347 1298 quaerentesque
365 1228 437 1281 viam
455 1226 557 1280 circuni
575 1231 720 1281 versantur
737 1231 767 1281 et
784 1227 855 1296 ignis
948 1240 985 1280 am

127 1306 232 1359 semina
249 1303 414 1358 convolvunt
431 1320 445 1357 e
461 1302 580 1357 nubibus
597 1305 681 1371 atque
698 1304 739 1358 ita
756 1307 857 1372 cogrmt

128 1382 215 1436 multa
233 1383 380 1448 rotantque
398 1381 471 1434 cavis
489 1379 626 1433 flammam
643 1379 799 1434 fornacibus
816 1380 899 1448 intus,

128 1458 215 1513 donec
234 1456 341 1511 divolsa
358 1456 495 1510 fulserunt
512 1456 585 1510 nube
602 1457 715 1511 corusci.

163 1536 227 1588 Hac
245 1533 331 1587 etism
347 1533 381 1587 fit
397 1532 439 1586 uti
457 1532 492 1587 de
509 1548 592 1586 causa
608 1532 716 1587 mobilis
730 1533 777 1588 ille

129 1610 286 1665 devolctin
304 1613 408 1663 terram
425 1609 522 1678 liquidi
540 1608 614 1663 color
631 1626 731 1664 aureus
747 1609 827 1678 ignis,
948 1622 986 1663 eos

129 1689 233 1741 sem‘ne
252 1685 326 1754 quod
344 1685 431 1740 nubes
447 1686 521 1753 ipsas
539 1686 677 1754 permulta
693 1690 835 1741 necessust

127 1765 199 1831 ienis
217 1763 335 1827 habere;
353 1763 454 1816 etenim
471 1765 617 1815 cunssuns
633 1778 729 1816 umore
747 1762 886 1828 sinendo,

129 1840 273 1894 flammeus
289 1841 334 1891 est
350 1838 511 1906 plerumque
528 1837 601 1891 colos
618 1840 648 1891 et
666 1834 826 1907 splendidus
844 1839 913 1893 ollis.

128 1917 194 1985 quin
213 1914 297 1969 etiarn
315 1914 379 1967 solis
398 1914 552 1968 delumine
570 1914 657 1968 multa
675 1919 813 1970 necessest
929 1954 931 1957 -

128 1993 280 2062 concipere,
297 1994 330 2044 ut
346 1990 446 2045 merito
464 1990 582 2044 rubeant
599 1990 732 2059 ignesque
748 1992 924 2061 profundant.
948 2003 986 2044 ero

128 2067 210 2121 hasco
228 2067 313 2135 igitur
330 2083 392 2121 cum
409 2071 611 2134 ventus‘agens
628 2068 765 2122 contrusit
781 2069 810 2121 in
826 2083 910 2120 unum

129 2143 348 2213 compressitque
366 2143 454 2198 locum
473 2160 579 2212 cogens,
598 2160 728 2214 expressa
747 2143 917 2213 profundunt

130 2221 235 2272 semina
252 2236 322 2288 quae
339 2220 444 2274 faciunt
461 2220 586 2274 flammae
604 2220 709 2288 fulgere
726 2222 836 2276 colores.

128 2296 211 2363 fulgit
229 2296 305 2364 item,
324 2313 386 2350 eum
404 2299 547 2351 rarescunt
564 2313 674 2365 quoque
691 2297 785 2351 nubila
801 2297 877 2352 caeli.

129 2389 193 2426 nam
212 2389 274 2425 cum
292 2377 390 2426 sentus
408 2389 455 2427 eas
472 2373 578 2427 leviter.
590 2373 695 2428 diducit
713 2375 803 2429 euntis
905 2421 909 2427 .
935 2386 987 2432 ⁴215

130 2448 318 2515 dissonisque,
337 2448 437 2503 cadant
454 2448 570 2517 ingratis
587 2449 635 2502 illa
651 2454 790 2506 neeessest
816 2459 829 2469 ⁴¹

129 2524 234 2578 somine
254 2540 324 2592 quae
342 2523 447 2579 faciunt
465 2525 610 2594 fulgorem.
628 2528 688 2580 tum
706 2528 764 2581 sine
780 2530 872 2583 taetro

128 2605 237 2654 terrore
256 2602 285 2654 ot
303 2601 393 2654 sonitu
411 2601 492 2671 fulgit
510 2602 639 2671 nulloque
656 2602 784 2657 tumultu

166 2675 247 2742 Quod
265 2678 498 2747 superestpquela'
515 2683 614 2734 natura
630 2678 757 2746 praedita
773 2682 901 2736 constent
963 2698 967 2704 ·

127 2752 250 2819 fulmina,
270 2752 411 2808 declarant
429 2754 500 2809 ictus
520 2758 549 2808 et
565 2755 657 2808 inusta
674 2754 783 2824 vaporis
950 2770 988 2813 aee

128 2829 207 2898 signa
226 2831 363 2898 notaeque
381 2830 472 2899 gravis
490 2831 608 2886 halantis
627 2830 752 2900 sulpuris
763 2847 850 2886 auras.

128 2905 200 2974 ignis
217 2906 290 2960 enim
309 2911 373 2961 sunt
391 2907 459 2961 haec
476 2923 530 2961 non
549 2908 624 2962 venti
645 2907 722 2975 sigma
739 2924 829 2977 neque
845 2908 951 2965 imbris.

121 2978 277 3052 'praeterea
295 2998 376 3050 saepe
393 2983 547 3037 accendunt
566 2999 674 3053 quoque
693 2987 767 3037 tecta
786 2984 929 3039 domorum

128 3063 158 3112 et
176 3058 259 3112 celeri
276 3058 385 3111 flamme
402 3059 578 3110 dominantur
594 3059 622 3109 in
642 3058 756 3110 aedibus
773 3058 847 3125 ipsis,

129 3134 205 3187 huno
220 3133 273 3187 tibi
291 3132 421 3185 subtilem
439 3132 614 3199 cumprimis
632 3131 849 3200 ignibusignem
950 3147 988 3188 sss

130 3209 279 3265 coustituit
295 3209 395 3260 natura
411 3204 527 3265 minutis,
540 3205 739 3272 mobiibusque
823 3262 828 3266 ,
851 3226 856 3249 2
898 3239 905 3248 ⁷·

1039 3276 1059 3312 A
