2176 3404
548 139 598 196 Vl
938 147 950 202 l

134 234 245 309 quippe
261 234 363 293 etenim
379 236 468 309 primo
485 239 562 307 quasi
579 240 717 309 quendam
734 244 839 298 conciet
857 147 988 300 aestumi9

24 324 26 371 l
134 314 277 386 posterius
293 314 328 368 fit
344 314 394 381 uti,
412 331 474 369 cum
491 315 546 369 iam
564 315 690 370 cecidere
707 316 805 370 veneni

132 396 164 448 in
183 393 268 448 fontis
285 392 367 461 ipsos,
383 390 422 445 ibi
440 393 477 445 sit
494 408 605 462 quoque
623 393 680 447 vita
697 395 832 451 vomendo

133 474 287 541 propterea
303 467 378 538 quod
395 484 495 536 magna
511 469 576 522 mali
593 469 627 525 fit
644 470 722 540 eopia
739 471 848 527 circum.

175 546 222 601 Fit
228 561 338 616 quoque
343 548 376 599 ut
383 543 521 599 interdum
529 545 647 600 vishacc
659 550 949 614 atqueaestusAverni
957 566 993 605 mo

133 639 210 691 aera,
228 621 276 691 qui
292 622 367 676 inter
384 622 441 675 avis
457 623 602 690 cumquest
620 624 779 692 terramque
796 624 909 693 locatus,

134 698 275 765 dismrtiat,
291 715 379 769 prope
396 697 439 752 uti
456 696 530 751 locus
547 696 592 751 hie
609 697 749 766 linquatur
767 700 860 756 inanis

132 776 215 829 cuius
231 774 279 828 ubi
297 791 313 829 e
330 775 442 844 regione
458 773 510 828 loci
526 789 628 829 venere
645 774 776 841 volantes,

133 851 273 906 claudicat
290 852 429 920 extemplo
446 850 591 918 pinnarum
609 850 686 904 uisus
701 851 790 906 inanis

134 929 166 981 et
183 944 315 982 conamen
332 927 472 997 utrimque
489 927 594 981 alarum
612 926 739 997 proditur
755 944 842 984 omne
955 946 991 985 eas

132 1001 181 1057 lric
200 1003 248 1057 ubi
265 1004 352 1057 nixari
370 1008 510 1074 nequeunt
526 1003 710 1072 insistereque
727 1004 785 1072 alis,

134 1080 242 1134 scilicet
258 1079 287 1134 iu
303 1083 408 1135 terram
426 1079 518 1135 delabi
535 1080 659 1150 pondere
676 1081 750 1149 cogit

133 1160 242 1224 natura,
259 1158 290 1211 et
307 1172 423 1211 vacuum
440 1173 526 1226 prope
541 1157 596 1210 iam
613 1173 664 1226 per
681 1157 761 1211 inauo
778 1157 899 1214 iacentes

132 1231 299 1303 dispergunt
316 1233 420 1287 animas
437 1249 487 1301 per
504 1232 595 1286 caulas
612 1233 731 1301 corporis
749 1233 843 1289 omnis.

547 1326 563 1360 ’l‘

131 1383 260 1452 frigidior
276 1402 359 1456 porro
376 1386 404 1439 iu
421 1385 515 1456 puteis
531 1387 637 1439 aestate
655 1384 688 1438 fit
704 1401 791 1452 umor,
949 1402 988 1442 sn

132 1461 250 1516 rarescit
267 1460 331 1530 quia
347 1464 423 1516 terra
440 1462 530 1516 calore
547 1464 578 1515 et
595 1461 699 1514 semina
716 1461 810 1529 siquae

131 1538 205 1592 forte
222 1539 330 1606 vaporis
347 1537 432 1592 habet
448 1538 558 1607 proprii,
577 1537 694 1590 dimittit
711 1535 740 1589 in
758 1552 846 1592 auras.

131 1630 188 1683 quo
205 1614 294 1682 magis
311 1617 355 1669 est
372 1613 458 1682 igitur
476 1613 557 1668 tellus
574 1613 656 1666 effeta
674 1611 771 1678 calore,

131 1690 170 1743 fit.
183 1706 292 1759 quoqne
309 1690 438 1759 frigidior
455 1690 549 1760 quiin
566 1691 670 1743 terrast
687 1687 798 1743 abditus
816 1705 900 1745 unror.

129 1765 236 1834 frigore
253 1782 320 1821 cum
332 1767 468 1836 premitur
485 1782 567 1835 porro
584 1764 674 1818 omnis
690 1767 766 1818 terra
783 1765 893 1835 coitque
948 1784 985 1824 sss

130 1845 162 1896 et
179 1842 258 1910 quasi
275 1843 433 1909 concrescit,
451 1841 484 1895 lit
501 1840 607 1896 scilieet
623 1844 657 1895 ut
672 1840 796 1896 coeundo

129 1919 269 1987 exprimat
286 1919 314 1972 in
332 1922 430 1989 puteos
448 1918 471 1972 si
489 1933 573 1986 quem
589 1917 663 1986 gerit
678 1916 738 1986 ipsa
754 1918 878 1973 calorem·

166 1997 236 2049 Esse
252 1994 327 2063 apud
347 1994 509 2048 Hammonis
525 1994 619 2047 fanum
636 1994 697 2048 lons
714 1993 775 2048 luce
792 1993 891 2049 diurna

127 2070 245 2139 frigidus
262 2076 293 2126 et
309 2069 413 2125 calidus
430 2074 563 2125 nocturno
580 2072 706 2139 tempore
723 2070 819 2125 fertur.

127 2146 201 2201 hunc
219 2147 342 2201 homines
358 2147 463 2201 fontem
480 2147 559 2199 nimis
577 2145 749 2200 admirantur
765 2149 795 2201 et
812 2145 868 2200 acri
943 2158 982 2200 eso

127 2223 185 2278 sole
202 2227 304 2293 putant
321 2227 418 2294 supter
434 2226 523 2277 terras
539 2223 692 2277 fervescere
708 2222 817 2293 raptim,

126 2315 183 2353 nox
199 2299 248 2353 ubi
266 2298 384 2354 terribili
401 2303 491 2354 terras
508 2299 625 2367 caligine
642 2298 722 2353 texit.

126 2373 202 2442 quod
219 2374 300 2428 nimis
317 2390 335 2428 a
351 2378 444 2429 verast
460 2374 542 2443 longe
559 2375 666 2429 ratione
682 2377 826 2428 remotum.

126 2450 230 2520 quippe
247 2449 295 2503 ubi
312 2450 352 2505 sol
370 2450 474 2505 nudum
491 2453 666 2505 contractans
683 2466 783 2520 corpus
800 2450 880 2519 aquai

125 2540 180 2580 nou
197 2526 299 2596 quierit
316 2527 435 2581 calidum
453 2543 553 2597 supera
569 2528 606 2582 de
622 2526 740 2581 reddere
757 2531 845 2597 parte,
941 2541 978 2581 ers

126 2618 187 2656 cum
206 2618 336 2673 superum
353 2603 445 2657 lumen
462 2607 541 2658 tanto
559 2604 666 2658 fervore
683 2604 799 2672 furatur,

125 2678 174 2747 qui
191 2681 276 2747 queat
292 2678 337 2733 hie
355 2683 453 2750 supter
468 2682 527 2734 tam
544 2695 637 2734 crasso
654 2695 768 2750 corpore
785 2683 888 2733 terram

124 2770 294 2825 percoquere
311 2771 434 2810 umorem
451 2758 482 2811 et
499 2754 589 2811 calido
605 2755 709 2821 satiare
725 2756 843 2825 vaporet

123 2831 286 2899 praesertim
304 2848 366 2886 cum
383 2832 429 2886 vix
446 2833 533 2902 possit
549 2849 601 2903 per
617 2835 714 2903 saepta
730 2831 874 2886 domorum

122 2906 262 2961 insinuare
280 2922 359 2961 suum
376 2907 462 2963 radiis
478 2908 640 2965 ardentibus
657 2911 771 2963 aestum.
939 2923 976 2961 eoo

124 2999 194 3052 quae
211 2984 312 3038 ratiost
329 2985 578 3053 igiturlnimirum
594 2990 671 3041 terra
688 2985 775 3052 nragls
790 2984 866 3052 quod

124 3075 187 3124 rara
203 3062 283 3129 tepet
300 3062 403 3114 circum
421 3061 525 3115 fontem
543 3077 626 3130 quam
643 3064 736 3115 cetera
753 3059 836 3113 tellus

123 3134 264 3202 nudisque
282 3138 347 3188 sunt
362 3135 434 3201 ignis
451 3151 538 3204 prope
555 3138 658 3190 semina
674 3151 773 3205 corpus
790 3135 879 3203 aquai.

125 3209 174 3263 hoc
190 3208 239 3263 ubi
255 3209 377 3263 roriferis
394 3212 497 3264 terram
514 3226 569 3263 nox
586 3210 679 3266 obruit
696 3210 813 3279 umbris.

1061 3174 1062 3245 l

997 3322 1061 3378 ι
