2190 3398
103 199 199 250 noster
215 192 261 248 hie
279 210 296 248 e
313 192 393 261 lignis
410 192 488 245 ortus
505 189 644 258 twdaque
661 190 777 243 creatus,

104 274 251 341 praeterea
268 269 360 322 lumen
378 283 429 337 per
446 282 559 320 comum
578 266 684 333 transit,
702 269 732 318 at
749 264 839 319 imber

103 346 251 416 respuitur.
268 345 371 413 quarel
389 343 441 396 nisi
458 340 567 395 luminis
584 341 632 395 illa
648 342 752 397 minora

103 439 218 492 corpora
228 425 293 476 sunt
305 436 387 488 quam
399 417 435 472 de
447 417 546 487 quibus
559 419 604 471 est
615 417 704 487 liquor
717 419 804 471 ulmus
815 434 979 486 uquarum.

105 502 135 554 et
152 498 275 568 quamvis
294 496 384 550 subito
402 511 453 565 per
471 494 558 548 colum
578 493 641 548 rina
658 494 780 548 videmus
936 512 978 553 ³01

105 574 258 645 perfluere;
277 575 422 626 utcontra
441 569 552 626 tardum
572 574 717 626 cunctatur
733 571 841 638 ohaam,

105 655 155 705 aut
172 650 237 719 quia
254 648 382 702 nimirum
401 645 550 701 maioribus
569 650 612 701 est
630 647 774 703 elementis

105 730 154 781 aut
171 726 257 793 nangis
275 724 392 779 hamatis
410 724 483 777 inter
501 740 530 776 se
547 739 651 792 perque
668 723 781 793 plicatis,

106 805 190 870 atque
207 801 270 855 idco
288 801 321 855 fit
337 801 379 854 uti
396 817 451 853 non
469 805 527 854 tam
545 798 659 853 diducta
676 807 792 871 repente
933 824 976 865 aas

106 877 179 932 inter
197 893 227 930 se
243 877 349 947 possint
367 876 517 947 primordia
536 875 643 942 singula
660 895 784 947 quaeque

106 953 212 1021 singula
229 969 280 1022 per
298 953 428 1021 cuiusque
446 951 577 1006 foramina
595 968 763 1021 permanare.

145 1032 207 1084 lluc
225 1029 333 1083 accedit
351 1030 392 1083 uti
411 1028 499 1082 mellis
517 1028 650 1097 lactisque
668 1030 787 1098 liquores

106 1105 226 1160 iucundo
246 1122 328 1160 sensu
346 1105 454 1173 linguae
472 1108 627 1159 tractentur
645 1104 673 1157 in
691 1123 751 1169 ore;

107 1186 138 1237 at
155 1186 251 1237 contra
268 1186 359 1236 taetra
377 1180 497 1234 absinthi
515 1183 615 1234 natura
633 1180 741 1249 ferique
929 1201 971 1243 aaa

107 1259 231 1314 centauri
248 1259 329 1313 foedo
347 1260 528 1328 pertorquent
548 1272 596 1310 ora
615 1273 726 1325 sapore;

106 1340 139 1391 ιιι
156 1336 236 1390 facile
254 1351 384 1403 agnoscas
401 1350 417 1387 e
435 1333 540 1387 levibus
558 1337 643 1402 atque
660 1336 788 1390 rutundis

107 1428 168 1465 csse
187 1428 220 1466 ea
238 1428 308 1481 quae
326 1426 420 1464 sensus
439 1408 556 1462 iucunde
574 1412 689 1477 tangere
709 1415 832 1479 possunt,

107 1490 137 1541 at
148 1492 244 1542 contra
256 1504 327 1556 quae
338 1503 432 1540 amam
443 1490 527 1554 atque
539 1502 637 1554 aspera
649 1502 766 1554 cumque
777 1488 915 1558 ridentur,

108 1562 175 1617 haec
193 1564 279 1631 magis
297 1563 414 1618 hamatis
431 1563 504 1616 inter
522 1578 553 1615 se
569 1578 641 1615 nexa
659 1564 747 1617 teucri

108 1642 308 1706 proptereaque
327 1639 414 1692 solere
432 1638 490 1693 rias
508 1637 665 1692 rescindere
683 1639 786 1694 nostris

109 1715 231 1769 sensibus
248 1715 417 1783 introituque
435 1730 484 1768 suo
502 1730 683 1783 perrumpere
702 1731 808 1785 eorpus.

144 1790 242 1844 Omnia
258 1795 397 1860 postremo
415 1791 486 1844 bona
504 1790 627 1843 sensibus
645 1793 675 1843 et
692 1792 764 1845 mula
780 1795 860 1847 tactu

109 1865 233 1920 dissimili
251 1866 325 1920 iuter
343 1883 373 1920 se
390 1869 514 1936 puguant
532 1866 655 1935 perfecta
674 1867 776 1934 figura;

108 1959 144 1997 ne
161 1946 193 1995 tu
210 1943 282 1997 forte
299 1946 381 2011 putes
399 1958 491 1996 serrae
509 1942 652 1997 stridentis
670 1944 799 1998 acerbum
926 1958 968 1999 ero

109 2019 249 2073 horrorem
268 2023 393 2073 constare
411 2019 554 2074 elementis
572 2018 677 2072 levibus
695 2037 781 2088 aeque

110 2113 141 2150 ac
159 2112 270 2149 niusaea
288 2095 365 2162 melc,
383 2110 433 2163 per
451 2093 566 2148 chordas
586 2096 706 2163 organici
724 2113 794 2164 quae

110 2171 255 2226 mobilibus
274 2170 368 2238 digitis
387 2170 582 2239 expergefacta
600 2172 733 2239 figuraut3

110 2265 164 2303 neu
183 2247 262 2301 simili
280 2250 426 2316 penetrare
444 2250 524 2316 putes
543 2248 694 2316 primordia
709 2248 799 2301 forma
858 2263 861 2269 ·

110 2324 138 2378 in
156 2341 237 2378 nares
254 2323 401 2390 hominurn,
421 2340 482 2376 cum
501 2326 593 2376 taetra
611 2323 745 2378 cadavera
761 2326 876 2391 torrent,
926 2337 966 2377 sle

112 2404 220 2455 etcum
239 2416 321 2454 scena
339 2416 418 2453 croco
437 2399 515 2453 Cilici
534 2400 646 2466 perfusa
663 2416 758 2455 recens
776 2402 820 2453 est

112 2493 214 2546 araque
233 2475 388 2529 Panchaeos
406 2475 517 2529 exhalat
534 2479 649 2545 propter
667 2476 779 2542 odores;

111 2569 180 2607 neve
197 2552 283 2607 bonos
300 2567 392 2604 rerum
410 2551 492 2604 simili
510 2555 635 2605 constare
653 2550 757 2606 colores

112 2629 214 2683 semine
232 2628 389 2695 constituas,
407 2627 499 2681 oculos
518 2626 564 2694 qui
582 2644 698 2696 pascere
709 2629 837 2698 pessimi,
889 2620 895 2634 ’

112 2709 141 2758 et
159 2703 206 2773 qui
225 2707 402 2774 conpungunt
419 2704 504 2758 aciem
523 2704 721 2773 lacrimareque
739 2706 841 2771 cogunt
859 2710 862 2715 '
927 2715 966 2756 sao

112 2783 161 2833 aut
177 2780 259 2833 foeda
277 2781 367 2848 specie
386 2779 446 2833 diri
464 2783 615 2849 turpesque
634 2779 769 2833 videntur.

37 2869 40 2875 ·
113 2853 201 2904 omnis
218 2854 299 2918 enim,
318 2870 412 2907 sensus
429 2871 500 2921 quae
518 2856 620 2908 mulcet
639 2871 762 2923 cumque,
774 2855 877 2922 Jiqura

112 2925 180 2976 haut
198 2926 255 2975 sine
271 2925 423 2993 principiali
441 2928 531 2994 aliquo
549 2928 640 2981 levore
658 2932 792 2992 creatast;

115 3000 145 3046 at
163 3000 257 3047 contra
275 3012 460 3065 quaecumque
477 3002 592 3054 molesta
609 3004 693 3067 utque
710 3019 807 3070 aspera
824 3004 941 3067 constat,

116 3083 170 3118 non
187 3067 277 3131 aliquo
295 3068 353 3119 sine
370 3073 502 3125 materiae
520 3076 646 3140 squalore
663 3081 806 3144 repertast.
929 3091 965 3130 aaa

118 3141 181 3190 suunt
198 3139 281 3189 ctiam
299 3155 369 3205 quac
386 3143 438 3193 iarn
458 3160 508 3197 nee
525 3147 596 3198 levia
611 3149 670 3199 iure
687 3154 821 3216 putantur
