2176 3404
79 58 136 116 138
494 52 525 108 V

75 160 163 215 multe
179 159 305 214 ridemus
322 158 403 227 euim,
420 162 496 212 certo
514 175 585 227 quae
601 161 726 228 tempere
744 158 816 212 firmt

75 236 200 291 omnibus
216 237 246 289 in
263 236 353 289 rebus.
371 234 519 289 florescunt
536 239 661 304 tempore
679 238 755 289 certo
898 249 945 290 cro

74 313 187 368 arbusta
204 315 233 366 et
251 316 326 366 certo
344 311 487 365 dimittunt
505 316 630 380 tempore
648 311 749 365 florem.

74 406 125 444 neo
142 390 231 442 minus
248 388 275 441 in
293 391 369 442 certo
387 387 485 441 dentes
503 388 603 442 cedere
621 389 738 458 imperet
756 391 834 442 aens

74 469 200 536 tempere
218 470 248 520 et
264 464 393 534 inpubem
411 463 485 517 molli
502 464 651 533 pubescere
668 469 746 519 reste

74 548 105 598 ot
123 545 227 612 puriter
244 543 353 597 mollem
371 541 450 596 malis
469 541 616 597 demittere
633 538 753 596 be'rbom.

74 620 188 674 fulmina
205 623 343 688 pestremo
361 619 409 672 nix
425 617 529 672 imbres
546 617 638 673 nubile
655 618 730 672 renti
901 627 943 693 ers

75 712 130 749 nen
147 697 228 750 nimis
245 697 358 750 incertis
376 695 446 749 fiunt
463 696 491 748 in
510 696 636 764 pertibus
653 694 723 749 anni.

74 788 194 841 numque
209 771 257 825 ubi
276 773 314 826 sie
331 773 442 826 fuerunt
460 788 602 825 causarum
621 771 734 826 exordia
750 769 840 839 prima

76 851 160 917 atque
176 849 216 903 itu
233 865 279 902 res
296 849 391 902 mundi
408 848 533 902 cecidere
550 849 586 902 ab
604 849 706 917 origine
724 847 819 916 primo,

76 931 211 994 consequi
230 942 339 994 quoque
358 925 413 978 iam
430 925 549 979 redeunt
567 942 601 980 ex
619 925 715 979 ordine
733 927 815 977 certo.

113 1000 243 1055 Crescere
255 1002 377 1070 itemque
390 1001 450 1055 dies
462 1002 527 1057 licet
539 1010 569 1056 et
581 1001 722 1056 tabescere
734 1004 835 1066 nectes,
898 1010 941 1050 oso

77 1080 107 1132 et
123 1078 208 1132 minui
225 1077 306 1144 luces,
324 1094 386 1131 cum
404 1081 513 1133 sumant
531 1079 658 1146 augmine
674 1080 775 1144 noctes,

76 1158 125 1208 aut
143 1155 208 1223 quia
225 1155 265 1209 sol
282 1155 356 1209 idem
374 1155 425 1208 sub
442 1158 531 1208 terres
549 1160 632 1223 etque
651 1170 767 1223 superne

77 1231 226 1299 imparibus
244 1248 356 1285 currens
374 1231 552 1285 amfractibus
570 1231 691 1284 aetheris
710 1246 771 1283 orus

77 1308 163 1374 partit
181 1308 255 1362 etin
273 1308 360 1377 pertis
377 1324 431 1361 uon
449 1324 551 1376 aeques
570 1307 669 1360 dividit
687 1306 791 1374 orbem,

77 1387 107 1437 et
125 1384 199 1451 quod
216 1383 251 1437 ab
269 1383 403 1437 alterutra
421 1384 544 1437 detraxit
561 1386 649 1451 purte,
667 1382 777 1451 reponit
898 1390 941 1434 osu

77 1460 136 1512 eius
154 1460 182 1512 in
200 1460 315 1513 adversa
332 1462 411 1513 tento
429 1459 490 1528 plus
508 1463 588 1528 perte
606 1459 717 1526 relatus,

79 1536 166 1590 donee
184 1536 267 1590 adid
286 1537 393 1603 signum
411 1535 478 1590 caeli
495 1537 630 1604 pervenit,
649 1534 696 1589 ubi
713 1533 781 1587 unni.

77 1613 166 1666 nodus
183 1616 331 1666 nocturnes
349 1616 485 1680 exaequat
502 1611 607 1666 lucibus
624 1611 742 1665 umbras.

77 1705 148 1754 nem,
166 1689 257 1742 medio
275 1705 356 1741 cursu
373 1688 455 1741 fletus
472 1688 605 1757 aquilonis
623 1692 652 1742 et
670 1687 764 1755 austri,

78 1765 192 1818 distinet
209 1768 328 1832 aequate
345 1764 451 1818 caelum
469 1763 625 1817 discrimine
642 1767 731 1818 metes
899 1773 941 1815 ooo

77 1844 191 1909 propter
208 1841 329 1907 signiferi
346 1841 497 1908 posituram
514 1840 600 1894 tetius
618 1839 698 1908 orbis,
934 1834 939 1844 “

78 1933 167 1970 annun
184 1916 223 1969 sol
242 1916 270 1969 in
289 1932 343 1984 quo
361 1915 499 1969 concludit
516 1919 641 1985 tempera
660 1933 781 1987 serpere,

78 1993 189 2062 oblique
206 1995 295 2046 terres
313 1994 342 2046 et
359 1992 464 2046 caelum
481 1992 583 2046 lumine
600 1992 726 2059 lustrans,

79 2072 111 2123 ut
128 2070 200 2123 ratio
218 2069 340 2122 declarat
358 2084 452 2121 eorum
471 2069 518 2137 qui
534 2068 593 2122 loca
611 2069 678 2122 caeli

78 2146 170 2199 omnia
187 2145 327 2213 dispositis
345 2144 428 2212 signis
445 2148 542 2198 ornatu
559 2148 696 2200 notarunt.
903 2161 943 2200 uos
999 2208 1007 2216 ¹

78 2227 128 2275 aut
145 2222 209 2290 quie
225 2221 341 2275 crassior
359 2223 402 2274 est
419 2222 502 2275 certis
520 2221 548 2273 in
566 2222 691 2292 partibus
709 2238 763 2289 aer,

79 2297 131 2350 sub
149 2298 231 2351 terris
248 2297 311 2351 ideo
328 2296 476 2351 tremulum
493 2297 574 2352 iubar
590 2297 710 2352 heesitet
727 2299 798 2365 ignis

79 2389 131 2428 nec
147 2378 294 2443 penetrare
311 2377 403 2442 potest
420 2373 499 2427 focile
516 2378 600 2443 atque
618 2391 759 2443 emergere
775 2374 812 2428 ed
829 2378 914 2431 ortus.

80 2454 227 2519 propterea
244 2454 338 2504 noctes
355 2450 469 2503 hiberno
487 2454 612 2519 tempore
629 2450 726 2519 longae

80 2530 196 2593 cessent,
214 2525 280 2579 dum
297 2525 389 2579 veniat
407 2525 544 2580 radiatum
561 2527 666 2594 insigne
684 2527 747 2582 diei.
903 2541 944 2584 roo

81 2606 130 2656 aut
147 2603 238 2670 etiam,
257 2602 322 2672 quin
339 2603 377 2656 sic
394 2602 507 2656 alternis
524 2603 650 2673 partibus
667 2604 731 2657 anni

82 2678 190 2731 tardius
207 2682 237 2733 et
255 2679 336 2732 citius
353 2683 518 2733 consuerunt
536 2679 671 2734 confluere
688 2680 765 2748 ignes

81 2755 128 2818 qui
146 2753 247 2805 faciunt
265 2754 349 2805 solem
367 2757 443 2805 certe
460 2754 609 2822 desurgere
626 2759 713 2823 parte,

80 2828 228 2889 propterea
245 2827 278 2878 fit
294 2828 336 2879 uti
354 2827 500 2882 videantur
517 2828 608 2884 dicere
626 2848 720 2884 verum

82 3034 88 3047 ι
116 2965 194 3017 Luna'
209 2973 302 3033 potest
321 2974 384 3025 so'lis
401 2975 630 3045 rediisperenssn
646 2981 736 3033 nitere
904 2997 943 3039 'roe

79 3050 163 3099 inque
180 3038 239 3120 dies
256 3045 341 3107 magis
359 3047 394 3096 id
408 3047 501 3101 lumen
519 3058 678 3106 convertere
695 3055 774 3108 nobis

79 3104 117 3156 ad
133 3120 259 3174 specrem
277 3121 410 3176 quantum
428 3120 492 3173 selis
509 3114 614 3179 seobdit
632 3128 667 3180 ab
685 3129 753 3194 orbi,
