2190 3398
105 111 145 168 98
495 106 568 163 IlII

102 228 154 269 nee
172 216 288 281 possum
304 209 375 266 oculi
392 213 649 265 naturam·noscero
668 226 766 263 rerum.
921 229 960 268 ms
993 247 999 253 .

101 286 219 358 proinde
236 287 319 341 animi
337 285 503 342 vitiumhoc
521 285 607 340 oculis
625 285 765 353 adfingere
783 287 849 341 uoli.

102 381 157 435 qus
174 363 302 421 ,vehimur
319 363 389 431 neri,
406 362 502 431 fertur,
520 379 582 417 eum
599 366 673 416 sture
692 362 817 430 videtur;

103 458 175 511 quoe
193 443 287 495 mouet
303 440 332 493 in
350 440 476 505 statione,
494 456 527 500 ea
543 443 655 507 praeter
674 440 796 494 creditur
813 442 855 496 iro

103 521 133 573 et
150 519 245 586 lugere
264 515 301 570 ed
318 516 433 587 puppim
452 516 533 570 colles
552 519 695 587 campique
713 518 842 572 videntur

104 612 173 665 quos
190 594 296 663 agimus
314 599 425 663 praeter
443 610 539 648 navem
558 594 679 665 velisque
697 594 824 649 volamus
923 610 962 651 ssa

104 671 195 726 sidere
213 687 320 725 cessare
340 669 469 725 aetheriis
488 671 580 725 adfixa
598 688 721 726 cavemus

104 752 204 803 cuncta
220 748 355 814 ridentur,
375 751 405 802 et
425 747 539 803 adsiduo
558 752 622 803 sunt
640 749 730 803 omniu
747 751 832 814 motu,

104 824 326 894 quondoquidem
346 825 441 894 longos
460 826 552 880 obitus
570 828 667 880 exorta
685 825 813 891 revisunt,

84 917 167 955 ‘curn
184 918 332 971 permensa
350 919 399 955 suo
417 907 481 957 suut
499 901 603 956 coelum
622 917 736 971 corpore
753 900 833 955 clero.

105 978 200 1047 solque
217 979 276 1048 pari
296 979 402 1032 ratione
419 995 530 1032 manere
548 982 577 1032 et
594 978 659 1032 lune
677 977 806 1031 videntur
925 996 963 1031 sin

11 1104 27 1125 N
105 1056 133 1108 in
152 1057 277 1121 statione,
296 1072 329 1109 ca
347 1072 417 1122 quoe
434 1055 500 1109 loni
519 1071 563 1108 res
580 1054 687 1109 indicet
704 1055 776 1124 ipsa·

27 984 90 1210 j
107 1133 296 1201 exstantisque
314 1132 406 1201 procul
425 1133 515 1186 medio
534 1131 569 1186 de
587 1132 696 1200 primite
714 1130 814 1184 trientis

107 1304 242 1358 classibus
260 1305 333 1358 inter
351 1320 420 1372 quos
438 1302 507 1358 libor
525 1305 604 1368 patet
622 1302 712 1356 exitus
729 1301 833 1368 ingens,

107 1381 195 1434 insule
216 1381 367 1435 coniunctis
385 1384 478 1433 tmnon
496 1395 530 1433 ox
548 1378 592 1431 his
609 1395 664 1431 una
680 1376 797 1433 ridetur.

107 1457 178 1510 utria
199 1457 300 1511 uersari
318 1461 348 1511 ot
365 1456 580 1510 circumcursare
596 1453 737 1509 columnae
925 1468 963 1509 roe

108 1550 196 1602 usque
214 1533 284 1587 adeo
301 1532 334 1587 fit
351 1532 391 1586 uti
409 1532 502 1600 pueris
519 1530 671 1597 rideantur,
689 1529 736 1584 uhi
754 1529 807 1598 ipsi

109 1609 252 1664 desierunt
269 1609 347 1673 verti
365 1608 411 1661 vix
429 1607 532 1662 utiam
550 1608 664 1661 credere
682 1607 786 1674 possint

109 1701 162 1738 non
181 1702 264 1755 supra
282 1701 341 1739 sese
358 1701 438 1738 ruere
456 1684 544 1737 omnia
562 1687 637 1737 tecte
654 1561 978 1812 nrinerL4V<J

108 1854 170 1890 eum
190 1840 300 1904 coeptat
318 1840 418 1889 natura
435 1853 571 1905 supraque
590 1836 722 1890 extollere
740 1838 856 1899 ruentes,
925 1848 963 1888 tus

108 1929 177 1982 quos
194 1912 245 1966 tibi
264 1917 324 1966 tum
342 1929 425 1981 supra
444 1913 483 1966 sol
502 1912 604 1967 montis
621 1929 683 1967 esse
700 1911 810 1967 uidetur

108 1989 258 2043 comminus
277 1987 336 2058 ipse
354 2005 403 2042 suo
422 1989 582 2058 contingens
601 1989 723 2044 fervidus
739 1988 802 2056 igni,

109 2067 153 2120 uix
171 2064 271 2119 absunt
288 2064 365 2119 nobis
383 2065 481 2120 missus
501 2065 544 2120 bis
562 2067 636 2121 millo
654 2067 777 2134 sagittae,

109 2144 154 2196 rix
171 2142 255 2197 etiem
272 2158 367 2195 cursus
385 2142 547 2211 quingentos
566 2159 649 2212 saepe
666 2141 763 2196 veruti.

108 2221 182 2275 iuter
199 2235 247 2274 cos
264 2219 402 2286 solemque
420 2218 511 2274 iacent
528 2220 657 2274 immania
673 2218 750 2289 ponti
926 2231 965 2271 ero

109 2313 228 2366 aequora
245 2296 385 2351 substrata
403 2296 533 2350 aetheriis
550 2295 706 2367 ingentibus
723 2294 786 2361 oris,

108 2373 307 2442 interiectuque
324 2376 388 2427 sunt
408 2375 544 2427 terrerum
563 2373 637 2425 milis
655 2370 741 2425 multu

111 2467 181 2518 quae
199 2450 289 2504 variae
306 2451 427 2504 retinent
445 2455 542 2519 gentes
561 2452 590 2503 et
608 2448 696 2503 saecla
713 2448 841 2501 ferarum.

110 2532 140 2580 at
157 2528 296 2581 conlectus
313 2543 400 2595 aquae
419 2527 535 2595 digitum
554 2544 608 2580 non
626 2525 708 2579 altior
724 2540 817 2587 unum,

109 2603 157 2672 qui
175 2603 281 2673 lapides
298 2603 371 2657 inter
390 2603 463 2657 sistit
481 2621 531 2673 por
550 2606 638 2657 strata
655 2602 767 2665 viarum,
925 2612 965 2652 415

110 2681 270 2749 despectum
289 2680 405 2751 praehet
424 2680 475 2733 cub
494 2686 583 2734 terres
600 2679 694 2747 inpete
711 2680 798 2743 tauto,

109 2772 127 2809 a
144 2755 226 2811 terris
243 2761 376 2825 quantum
395 2756 462 2810 coeli
481 2760 559 2824 putet
576 2755 648 2809 altus
665 2753 772 2817 hietus3

110 2829 204 2882 nubile
220 2829 355 2898 dispicere
375 2839 404 2886 ot
422 2833 526 2885 eoelum
546 2838 578 2884 ut
595 2830 705 2884 videare
722 2829 825 2895 uidero,

110 2905 204 2954 cetera
221 2903 344 2957 mirande
363 2907 414 2958 sub
432 2910 521 2959 terres
539 2906 635 2959 abdite
652 2905 735 2959 eaelo.

111 2972 230 3038 denique
248 2976 296 3027 ubi
315 2977 343 3028 in
361 2980 452 3032 medio
469 2980 547 3033 nohis
565 2996 630 3034 ecus
647 2996 712 3034 acer
727 2979 854 3034 obhaesit
927 2991 967 3033 aas

108 1761 218 1830 iainque
236 1752 350 1814 rubrum
367 1760 492 1814 tremulis
510 1760 588 1813 iubar
607 1759 717 1827 ignibus
734 1759 839 1826 erigere
857 1757 897 1812 ult
957 1794 973 1821 ,-
997 1772 1085 1981 fl

111 3044 221 3096 flumine
240 3049 270 3096 et
286 3048 315 3099 in
331 3051 442 3119 rapidos
459 3055 547 3107 amnis
564 3055 740 3124 despeximus
757 3054 853 3121 undas,

111 3116 292 3202 stantisequi
310 3137 410 3191 corpus
426 3130 612 3185 transversum
629 3131 704 3185 ferre
721 3131 833 3185 ridetur

110 3204 152 3239 vus
170 3191 199 3241 et
215 3204 243 3240 sn
261 3192 405 3248 adversum
423 3200 522 3253 flumen
541 3206 707 3260 contrudere
725 3207 835 3273 raptim,

9 3304 113 3354 Q.
