2138 3404
502 166 589 219 xxxiii

113 294 150 354 ex
167 298 282 353 tordine
297 299 371 354 debet
386 299 453 354 iecit
467 302 549 355 corde
565 300 702 355 videbant.
738 300 926 356 Lachmannus
938 303 969 357 cl.

113 384 299 438 conveniebat.
335 383 364 438 iu
380 385 504 453 proximo
520 403 601 440 versu
620 387 730 441 ortibus
746 403 808 441 cum
826 389 970 457 superiori·

113 468 167 522 bus
178 468 313 523 coniunxi.

453 673 571 729 LIBER
589 675 640 730 VI.

171 818 204 867 15
239 826 401 881 sunnonem,
426 813 501 882 qnod
525 812 589 867 libri
612 813 639 867 in
664 814 718 868 fine
742 831 837 869 versus
859 814 970 883 hebent,

114 907 235 974 apparet
249 921 284 958 ex
302 910 334 958 16
350 904 404 958 huc
419 904 570 974 irrepsisse,
587 914 637 957 nec
657 904 754 959 dubito
773 905 838 972 quin
857 905 969 959 Lucreti

115 989 203 1044 verbo
226 988 395 1043 restituerim
419 988 563 1053 scribendo
585 989 647 1043 sine
670 989 737 1044 olle.
773 990 969 1058 Lachmannus,

114 1076 228 1127 rctcnto
251 1072 280 1127 in
304 1071 354 1126 hoc
377 1089 458 1128 versu
481 1075 619 1142 querellis,
640 1072 672 1129 16
695 1092 746 1144 pro
768 1090 858 1129 reuss
878 1092 969 1137 nroun

115 1158 250 1212 audacter
257 1158 428 1225 passimque,
440 1175 490 1227 pro
502 1174 656 1219 Qunnnums
669 1160 777 1228 scripsit
784 1161 909 1245 periclis.

174 1249 205 1298 31
244 1260 293 1312 pro
305 1258 373 1297 cusu
386 1243 575 1298 Lachmannus
586 1263 680 1299 conco.

168 1335 203 1384 46
238 1346 289 1398 pro
308 1344 434 1383 meseum
451 1331 554 1398 optimc
571 1332 717 1386 Goebelius
732 1331 789 1385 obs.
807 1332 885 1386 Lucr.
897 1351 923 1403 p.
937 1338 970 1388 18

116 1417 249 1472 resociet„
278 1417 313 1471 ef.
327 1432 346 1470 v
364 1419 414 1474 773
433 1416 497 1481 Quo
508 1416 579 1483 fieri
595 1417 734 1484 petrocio
749 1419 970 1485 penetratione

116 1501 225 1557 recolet.
258 1501 643 1571 ineptissimelrachmanuus,
664 1505 772 1556 servato
791 1503 916 1573 dissolui,
935 1511 969 1559 45

115 1604 169 1657 pro
182 1602 317 1648 mnemon
329 1587 438 1655 scripsit
449 1589 572 1656 fateare,
584 1591 725 1657 tamquam
741 1588 883 1642 fatendum
896 1594 970 1645 esset

114 1676 259 1743 pleraque,
276 1690 329 1726 non
349 1674 455 1742 omnio,
471 1671 627 1735 necessario
648 1675 769 1729 dissolvi.
804 1676 878 1730 idem
896 1677 970 1731 valet

116 1763 215 1812 contra
228 1758 454 1827 Bernaysiifiemt
462 1766 642 1827 possuntque,
655 1777 682 1812 oe.
695 1759 743 1813 Pl.
755 1760 876 1813 dissolri.

171 1847 204 1901 47
224 1860 283 1913 sqq.
317 1842 392 1896 locus
404 1847 548 1913 corruptus
560 1861 642 1913 quem
654 1847 754 1912 temen,
767 1848 800 1898 ut
811 1849 886 1914 puto,
900 1845 968 1899 satis

116 1932 218 1985 leniter
227 1930 377 1984 emendavi.
406 1930 519 1984 lacunae
531 1929 639 1998 signum
650 1934 713 1999 post
724 1935 758 1988 47
770 1932 848 2000 posui
857 1952 863 1996 ;
873 1937 907 1985 48
919 1947 970 1999 pro

117 2021 292 2071 monstruoso
303 2032 444 2070 urrunnun
452 2017 548 2086 scripsi
560 2016 650 2070 coire
662 2023 699 2069 ot.
712 2017 750 2071 sic
762 2031 792 2069 1v
805 2021 855 2071 820
864 2033 914 2085 pro
923 2015 971 2069 eir

120 2104 166 2157 uti
174 2103 237 2156 libri
250 2118 371 2156 vrnrunr.
406 2101 514 2170 deinde,
527 2109 560 2156 eet
570 2106 634 2171 post
641 2103 794 2171 placentur
805 2102 908 2170 addito,
920 2119 970 2171 pro

118 2205 212 2244 cumn
229 2189 336 2256 mnino,
349 2193 379 2243 et
396 2195 430 2243 49
442 2205 492 2258 pro
505 2204 614 2242 rivolus
625 2189 735 2255 furore
747 2189 850 2257 scripsi.
886 2191 915 2242 in
927 2188 970 2242 his

93 2266 243 2330 'versibus
265 2275 354 2344 iisque
378 2292 450 2344 quae
477 2275 641 2330 interierunt
665 2274 703 2327 sie
732 2273 791 2327 iere
820 2274 971 2343 disputavit

118 2364 210 2431 poeta.
233 2362 332 2415 ‘semel
345 2361 479 2430 insignem
491 2377 601 2414 currum
620 2358 801 2413 conscendere
819 2358 971 2429 [Musarum

118 2446 235 2514 institui,
256 2449 286 2500 et
305 2463 350 2500 res
364 2447 504 2501 .ccelestes
525 2463 590 2500 vera
614 2446 720 2498 ratione
740 2446 883 2515 explicere,
904 2462 972 2514 ques

118 2532 242 2584 hommes
263 2530 356 2600 inepte
376 2531 413 2585 ad
434 2531 500 2584 dees
520 2531 650 2585 referunt.
686 2530 792 2584 hicum
811 2530 970 2597 irascentur,

118 2616 233 2670 fulmina
253 2619 282 2670 et
302 2616 434 2685 proeellas
456 2617 485 2670 in
506 2622 607 2670 terram
629 2617 742 2670 mittere
762 2617 854 2681 aiunt;
876 2633 970 2670 rursus

119 2705 214 2756 alitem
236 2701 402 2771 praedicant,
428 2701 538 2770 quando
561 2702 678 2757 cessavit
700 2700 753 2770 vis]
770 2705 920 2766 ventorum,
938 2705 970 2755 ut

118 2787 196 2842 idem
215 2787 244 2841 di
264 2804 299 2842 ex
316 2788 358 2841 ira
376 2788 525 2856 placentur,
544 2791 577 2843 ut
600 2789 707 2858 placate
724 2787 817 2841 furore
834 2786 925 2840 omina
942 2787 970 2841 in

119 2873 218 2927 melius
241 2891 370 2929 conversa
394 2875 455 2928 sint.
508 2878 601 2928 cetera
621 2863 701 2943 [item
725 2872 816 2926 omnic
845 2873 881 2926 nd
905 2874 971 2927 deos

119 2959 255 3029 referunt]
273 2977 344 3028 quae
367 2960 427 3014 fieri
446 2960 512 3031 sqq?
550 2960 738 3013 Lachmannus
757 2959 801 3011 hic
819 2962 924 3011 temero
944 2963 973 3010 ct

120 3044 195 3099 nullo
212 3045 323 3099 consilio
341 3045 405 3113 egit.
440 3049 473 3103 47
492 3061 541 3114 pro
559 3058 697 3098 merorum
715 3043 823 3109 scripsit
841 3041 971 3100 institui,-

121 3136 156 3183 48
173 3147 224 3199 pro
248 3130 406 3184 Ventorum
424 3130 551 3183 exertant
566 3127 718 3195 placentur
735 3124 834 3177 omnio
851 3120 976 3177 mirabile

121 3216 174 3270 hcc
199 3216 349 3270 Ventorum
366 3222 392 3269 et
408 3220 518 3269 corrant
533 3210 700 3280 ploopentio
710 3208 855 3274 Jtome'nor
873 3208 906 3253 49
924 3216 975 3266 pro
