2190 3398
115 108 155 167 78
514 102 569 160 III

114 206 265 280 particulae
282 207 382 297 quibus
398 207 466 262 haee
483 206 566 260 animi
585 208 685 261 natura
702 210 819 273 creatur,

115 302 186 355 quae
202 300 275 339 nunc
292 285 320 338 in
337 286 431 337 nostro
449 283 608 338 dominatur
624 296 789 365 corpore
755 288 823 347 nata

114 379 150 416 ex
168 361 216 415 illa
232 377 305 429 quae
323 365 383 413 tum
401 358 485 427 periit
501 360 605 428 partita
621 376 672 429 per
689 340 789 423 artus
938 378 979 418 710

115 442 284 509 quapropter
299 451 390 504 neque
408 435 492 488 natali
509 435 619 503 privata
636 435 746 490 videtur

115 532 176 570 case
193 514 239 569 die
255 515 355 568 natura
371 511 478 565 animae
495 526 546 565 nee
563 511 667 566 brueris
685 528 789 581 expers.

95 600 137 657 -ιν
152 591 260 646 Semina
276 591 422 658 praeterea
439 586 605 655 linquontur·
615 605 702 643 necne
719 588 819 642 animai

114 683 227 736 corpore
244 666 273 719 in
291 664 432 718 exanimoi
451 662 526 732 quod
543 664 567 717 si
585 663 724 719 lincuntur
741 667 771 719 et
787 665 888 731 insunt

115 743 182 798 haut
199 743 253 797 erit
270 744 303 795 ut
319 741 419 794 merito
437 740 589 794 inmortalis
604 741 693 811 possit
711 740 815 810 haberi,
936 756 975 798 ιιι

113 817 237 888 partibus
255 817 361 873 amissis
380 817 508 885 quoniam
525 816 612 870 libata
628 818 750 872 recessit.

114 895 156 949 sin
174 894 214 949 ita
230 893 342 948 sinceris
359 892 490 947 membris
507 892 600 947 ablata
617 894 739 963 profugit

113 974 145 1025 ut
163 970 250 1024 nullas
267 970 355 1039 partia
372 969 400 1022 in
418 985 532 1038 corpore
548 968 661 1038 liquerit
678 987 713 1024 ex
731 987 768 1038 se,

113 1048 187 1102 unde
204 1046 337 1100 cadavera
354 1047 478 1100 rancenti
495 1047 550 1100 iam
568 1047 671 1101 viscere
689 1063 796 1101 vermes

113 1123 240 1194 expirant
256 1127 341 1191 atque
358 1121 433 1176 unde
450 1122 620 1176 animantum
637 1123 714 1192 eopia
731 1126 809 1177 tanta
934 1135 973 1177 rao

114 1217 180 1255 exos
197 1203 226 1255 et
244 1199 376 1267 exanguis
394 1198 515 1252 tumidos
533 1198 700 1267 perfluctuat
717 1200 811 1253 artusl

115 1278 189 1346 quod
206 1277 229 1331 si
246 1277 317 1330 forte
336 1276 440 1330 animas
458 1275 628 1329 extrinsecus
645 1275 775 1329 insinuari

114 1353 251 1408 vermibus
268 1357 298 1408 et
314 1353 406 1422 privas
423 1352 451 1405 in
469 1368 584 1420 corpora
601 1368 681 1420 posse
698 1352 791 1405 venire

114 1431 203 1485 credis
220 1447 270 1485 nee
288 1433 400 1499 reputas
417 1445 466 1484 cur
483 1428 559 1482 milia
575 1427 664 1481 multa
681 1428 831 1481 animarum

114 1508 275 1561 conveniant
292 1507 366 1560 unde
383 1522 437 1559 una
454 1505 607 1572 recesserit,
624 1503 675 1558 hoe
693 1508 786 1558 tamon
804 1508 847 1558 est
866 1507 899 1557 ut
931 1517 972 1559 aas

115 1582 300 1650 quaerendum
318 1582 445 1636 rideatur
462 1584 491 1635 et
509 1581 536 1633 in
555 1580 701 1634 discrimen
719 1581 862 1649 agendum,

114 1664 205 1713 utrum
222 1658 334 1712 tandem
353 1660 459 1712 animae
476 1660 610 1712 venentur
628 1658 732 1712 semina
750 1674 874 1727 quaeque

113 1735 321 1789 vermiculorum
338 1735 470 1803 ipsaeque
488 1733 539 1787 sibi
556 1733 724 1788 fabricentur
740 1734 788 1788 ubi
806 1734 869 1801 sint,

113 1826 147 1864 au
166 1810 243 1880 quasi
260 1811 418 1877 corporibus
434 1811 563 1880 perfectis
580 1810 758 1864 insinuentur.

112 1890 142 1941 at
159 1902 249 1955 neque
267 1903 316 1939 cur
332 1887 434 1942 facient
451 1888 527 1956 ipsae
545 1903 664 1956 quareve
681 1886 806 1940 laborent
930 1899 971 1940 ruo

112 1963 203 2016 dicere
221 1962 386 2031 suppeditat.
403 1980 493 2032 nequo
511 1964 592 2030 enim,
610 1963 668 2017 sine
686 1979 799 2031 corpore
814 1978 877 2017 cum
893 1967 969 2031 suut,

113 2039 244 2094 sollicitae
262 2039 378 2093 volitant
396 2039 498 2093 morbis
516 2040 635 2108 alguque
651 2039 783 2108 fameque.

112 2133 210 2187 eorpus
228 2115 300 2171 enim
318 2116 406 2185 magis
423 2117 466 2170 his
484 2116 559 2170 vitiis
577 2115 667 2169 adfine
685 2115 792 2169 laborat

112 2198 142 2250 et
159 2194 231 2248 mala
248 2193 335 2248 multa
352 2195 458 2247 animus
476 2197 591 2262 contage
608 2192 731 2261 fungitur
749 2193 813 2246 eius.

112 2272 162 2327 sed
180 2275 271 2326 tamen
288 2270 331 2325 his
349 2274 409 2325 esto
426 2270 550 2340 quamvis
568 2271 657 2324 facere
674 2270 742 2323 utile
759 2285 857 2336 corpus
929 2282 968 2324 rue

112 2347 187 2418 quod
205 2348 336 2414 subeant3
353 2351 383 2402 at
401 2365 454 2417 qua
471 2347 576 2417 possint
593 2347 637 2400 via
654 2345 728 2399 nulla
745 2345 861 2398 ridetur.

111 2426 179 2479 haut
197 2424 281 2494 igitur
299 2425 403 2478 iaciunt
421 2424 527 2477 animae
546 2422 596 2476 sibi
615 2439 729 2492 corpora
746 2426 775 2476 et
792 2424 876 2475 artus.
987 2434 994 2446 ·

111 2518 161 2557 nee
179 2506 271 2556 tamen
290 2504 333 2555 est
351 2500 464 2569 quidum
483 2500 612 2569 perfectis
628 2499 800 2552 insinuentur

111 2578 285 2650 corporibus3
303 2594 393 2647 neque
411 2578 484 2631 enim
501 2580 634 2647 poterunt
652 2575 790 2644 suptiliter
807 2589 868 2628 esse

110 2672 230 2722 conexae
247 2671 337 2724 neque
354 2671 501 2709 consensus
518 2654 645 2722 contagia
662 2653 737 2707 fient.
929 2663 968 2707 seo

147 2733 274 2802 Denique
291 2748 339 2786 carr
356 2732 427 2785 acris
444 2731 573 2785 violentia
591 2730 672 2786 triste
689 2729 798 2784 leonum

111 2809 253 2861 seminium
272 2808 404 2875 sequitur,
422 2808 516 2877 volpes
534 2807 620 2876 dolus,
638 2810 669 2860 et
685 2806 751 2874 fuga
768 2819 869 2872 cervos,

110 2899 128 2929 Δ
140 2897 259 2929 ramus
273 2899 356 2931 DATUB
368 2900 398 2932 ΕΤ
407 2901 425 2932 A
434 2900 535 2933 numus
547 2899 628 2932 PAVOB
641 2899 741 2932 nioman·
754 2897 831 2930 ΔΒΤῙῘΒ

111 2954 166 3005 ot
158 2969 213 3005 ram
230 2958 323 3008 cetera
340 2957 376 3011 de
392 2975 494 3025 genere
511 2960 562 3014 hoc
580 2975 629 3013 cur
646 2959 737 3012 omnia
753 2956 884 3012 membris

111 3042 146 3077 ex
163 3026 275 3079 ineunte
292 3044 360 3081 aevo
377 3035 584 3121 generascunt
576 3034 747 3101 ingenioque,
928 3046 967 3089 ιιι

111 3098 135 3149 si
153 3114 214 3162 non,
233 3104 308 3152 certa
326 3119 375 3154 suo
392 3107 457 3171 quia
474 3109 576 3160 semine
594 3108 764 3176 seminioque

112 3171 152 3220 vis
169 3172 249 3221 aninri
267 3174 371 3236 pariter
387 3180 487 3232 erescit
502 3197 565 3233 cum
582 3198 695 3248 corpore
712 3183 791 3236 total
