2176 3404
106 114 164 171 148
512 113 543 171 V

102 215 241 285 suspensis
258 217 370 285 teneros
386 212 530 270 imitantur
548 215 818 286 dentibus—haustus

103 291 183 360 longo
200 292 253 345 alio
271 301 351 361 pacto
367 293 481 360 gannitu
498 292 572 346 vocis
590 292 711 360 adulant,
912 304 960 351 1050

102 372 132 423 01
149 385 212 422 eum
230 368 333 423 deserti
350 369 506 422 baubantur
522 369 552 422 in
569 369 684 423 aedibus
700 373 750 423 aut
767 387 832 424 cum

102 444 237 513 plorantis
253 445 363 513 fugiunt
380 446 522 498 smumisso
539 462 653 514 corpore
670 445 772 514 plagas.

102 520 221 591 denique
237 538 292 575 uon
309 521 431 575 hinnitus
448 521 515 574 item
534 521 644 575 differre
660 523 778 589 videtur,

102 597 175 652 inter
192 614 278 667 equas
294 597 342 651 ubi
360 614 446 666 equus
464 598 572 651 florenti
590 601 682 652 aetate
699 597 830 654 iuvencus

101 673 235 742 pinnigeri
254 674 341 728 saevit
358 673 508 728 calcaribus
525 675 597 728 ictus
615 673 720 739 amoris,
913 691 960 731 loro

102 751 131 802 et
148 749 289 804 fremitum
307 751 409 820 patulis
426 749 474 804 ubi
492 750 604 805 naribus
622 750 680 804 edit
696 751 733 804 ad
750 767 835 819 arma,

102 828 131 880 et
148 841 211 879 cum
228 826 268 879 sio
286 827 353 880 alias
370 826 507 881 concussis
524 827 631 880 artibus
648 827 754 882 hinnitl

101 905 241 969 postremo
258 919 345 970 genas
363 903 479 957 alituum
496 904 643 973 variaeque
661 903 793 964 volucres,

9 1008 10 1031 l
101 978 246 1047 accipitres
263 983 347 1048 atque
365 980 514 1047 ossifragae
531 982 675 1049 mergique
692 980 805 1034 marinis

101 1053 228 1109 llmtibus
245 1055 274 1108 in
292 1055 362 1109 salso
380 1055 640 1125 victuur.ritamque
657 1060 791 1125 petentes,
910 1073 959 1112 1000

101 1130 183 1200 longe
200 1131 267 1186 alias
285 1132 337 1186 alio
355 1132 458 1186 iaciunt
475 1134 503 1186 in
520 1136 646 1202 temporo
664 1150 750 1200 voces,

101 1210 132 1261 01
149 1224 231 1277 quom
249 1208 285 1262 de
302 1208 378 1262 victu
394 1212 503 1279 certant
520 1209 695 1278 praedaeque
713 1213 877 1278 repugnant.

101 1285 132 1337 et
149 1285 250 1353 partim
267 1288 376 1339 mutant
393 1301 454 1338 cum
472 1285 687 1354 tempestatibus
704 1302 758 1338 una

101 1360 256 1414 raucisonos
273 1365 378 1429 cautus,
395 1361 533 1415 cornicum
550 1366 582 1420 ut
599 1362 689 1416 saecla
706 1365 814 1416 vetusta

101 1451 299 1506 corvorumque
309 1453 409 1506 greges
420 1437 468 1491 ubi
480 1454 579 1506 aquam
591 1437 722 1491 dicuntur
734 1442 763 1492 et
774 1438 871 1493 imbris
907 1454 959 1494 1005

100 1527 216 1580 poscere
232 1518 261 1567 ct
277 1514 417 1568 interdum
435 1517 531 1567 ventos
548 1530 684 1583 aurasque
701 1531 804 1568 vocare.

100 1604 166 1655 ergo
185 1589 208 1642 si
226 1589 294 1642 varii
311 1607 407 1644 sensus
424 1589 551 1643 animalia
567 1594 690 1658 coguut,-

100 1667 178 1718 muta
195 1668 286 1719 tamen
304 1682 366 1720 cum
384 1667 447 1734 siut,
465 1666 554 1720 varias
571 1667 701 1721 emittere
718 1684 805 1737 voees,

101 1743 204 1808 quanto
221 1742 344 1795 mortalis
362 1742 448 1811 magis
466 1745 587 1796 aecumst
604 1745 665 1796 turn
682 1744 805 1813 potuisse

100 1816 238 1870 dissimilis
256 1816 309 1870 alia
326 1821 410 1886 atque
428 1818 482 1872 alia
498 1835 543 1872 res
561 1834 626 1872 voco
643 1824 757 1874 notare!
797 1833 828 1893 ἤ
907 1835 957 1875 roso

134 1890 222 1961 [Illud
238 1892 268 1945 in
285 1892 328 1946 his
346 1894 428 1948 robus
445 1894 547 1948 tacitus
564 1911 600 1948 nc
617 1895 688 1949 forte
706 1896 837 1965 requiras,

99 1968 201 2022 fulmen
219 1967 321 2025 detulit
339 1968 367 2023 iu
385 1973 489 2023 terram
506 1971 667 2024 mortalibus
684 1972 775 2038 ignem
858 1966 861 1971 ⁴

100 2045 234 2116 primitus,
251 2045 316 2099 inde
334 2046 609 2105 omnisflammarum
628 2046 733 2102 diditur
750 2047 840 2102 ardor.

100 2122 187 2177 multa
204 2122 328 2176 videmus
346 2123 418 2176 enim
436 2122 600 2176 caelestibus
616 2123 695 2177 inlita
711 2123 828 2178 flammis

99 2198 213 2268 fulgere,
230 2213 293 2252 oum
310 2198 378 2251 caeli
397 2197 509 2252 donarit
526 2198 606 2266 plaga
623 2214 730 2268 vapore.
906 2215 956 2255 1005

101 2278 130 2328 01
147 2290 255 2328 ramosa
272 2278 365 2328 tamon
383 2291 445 2327 oum
462 2274 551 2328 ventis
568 2275 647 2344 pulsa
664 2275 793 2329 vacillans

100 2353 209 2404 aestuat
225 2350 253 2403 111
271 2366 362 2403 ramos
379 2349 539 2403 incumbens
556 2349 662 2405 arboris
680 2351 770 2419 arbor,

100 2426 263 2495 exprimitur
279 2426 377 2479 validis
395 2425 514 2478 extritus
531 2426 635 2480 viribus
652 2427 726 2494 ignis

100 2505 130 2556 01
147 2502 230 2556 micat
247 2501 387 2555 interdum
405 2501 524 2554 flammai
541 2501 663 2556 fervidus
680 2502 770 2570 ardor,

99 2581 196 2644 mutua
214 2577 279 2631 dum
296 2577 370 2630 inter
388 2591 418 2630 sc
435 2577 504 2630 rami
522 2576 678 2647 stirpesque
695 2582 832 2633 teruntur.
906 2594 957 2635 1100

99 2657 379 2724 quorumutrumque
397 2651 507 2706 dedisse
523 2656 615 2721 potest
632 2654 793 2708 mortalibus
810 2655 911 2721 ignem.

98 2731 163 2783 iude
180 2730 270 2799 cibum
288 2744 405 2797 coquere
423 2744 454 2781 ao
471 2728 596 2782 flammae
613 2729 719 2783 mollire
736 2746 836 2798 vapore

99 2805 138 2855 sol
156 2804 256 2868 docuit,
273 2803 401 2870 quoniam
418 2803 563 2856 mitescere
579 2804 666 2858 multa
683 2805 814 2859 videbant

99 2875 258 2928 verberibus
275 2876 415 2929 radiorum
432 2880 516 2945 atque
534 2883 612 2932 aestu
630 2881 703 2933 victa
720 2897 770 2950 per
787 2897 875 2950 agros.

134 2947 224 3012 Inque
242 2948 301 3000 dies
318 2950 451 3021 magisqhi
468 2951 571 3006 rictum
588 2955 728 3024 vitamque
745 2957 865 3026 priorem
905 2974 955 3014 1105

97 3022 265 3070 commutare
282 3022 360 3073 novis
377 3025 567 3081 monstrabant
584 3029 668 3083 rebus
686 3035 715 3084 ct
732 3053 793 3091 ram.

99 3088 207 3151 ingenio
224 3092 271 3156 qui
287 3095 466 3159 praestabant
484 3104 513 3153 et
530 3104 614 3157 corde
631 3105 768 3172 vigebant.

98 3159 215 3212 condere
232 3171 381 3229 coeperunt
398 3170 473 3223 urbis
491 3190 637 3244 arcemque
653 3180 744 3233 locare
