2190 3398
114 79 154 138 58
527 74 562 132 ΙΙ

111 180 294 252 primigenum
311 179 395 234 maris
412 181 443 233 et
459 182 553 234 terrae
569 179 688 247 solisque
704 184 828 234 coortum

113 256 209 312 addita
226 271 341 325 corpora
359 256 422 309 sunt
438 254 617 324 extnnsoeus,
635 254 731 309 addita
748 256 850 310 circum

113 332 219 388 semina
235 349 305 402 quae
321 348 450 400 magnum
467 330 610 385 iaculando
626 330 743 385 eontulit
760 348 854 396 omne;

112 408 185 464 undo
203 426 279 464 mare
295 411 326 462 et
342 411 434 462 terrae
450 411 564 477 possent
581 423 727 476 augescere
744 412 775 462 et
790 408 866 462 unde

112 489 260 556 appareret
277 484 395 554 spatium
413 483 482 538 caeli
500 483 597 538 domus
614 484 723 552 altaque
741 488 817 539 tecta
923 499 974 546 lna

112 561 224 617 tolleret
241 579 257 615 a
274 561 356 615 terris
373 560 468 630 procul
486 564 516 614 et
533 565 712 628 consurgeret
728 577 783 615 aer.

112 654 175 692 nam
192 654 242 692 sna
257 637 356 706 cuique
373 637 439 691 loeis
456 653 490 690 er
508 636 633 690 omnibus
649 637 739 691 omnia
754 636 844 706 plagis

112 728 227 783 corpora
243 712 444 767 distribuuntur
461 715 491 768 et
508 713 544 766 ad
562 728 612 767 sua
627 713 718 767 saecla
734 713 876 783 recedunt,

111 802 190 843 umor
207 789 244 843 ad
261 806 391 857 umorem,
408 793 519 844 terreno
536 804 651 858 corpere
667 793 744 844 terra

111 865 211 921 crescit
228 868 258 920 ct
274 865 364 934 ignom
381 866 458 933 ignes
475 865 632 935 procudunt
648 862 815 934 aetheraque
831 866 935 931 aethan

110 940 230 1010 donique
247 941 284 995 ad
301 945 452 995 extremam
470 941 609 996 crescendi
626 943 728 1012 perfica
744 943 827 997 linem
920 957 971 997 nst

110 1017 201 1071 omnia
217 1017 349 1087 perduxit
366 1034 458 1070 rernm
476 1023 574 1072 natura
591 1019 725 1083 creatrix;

111 1096 143 1146 ut
161 1093 193 1148 lit
211 1093 257 1147 ubi
274 1093 329 1167 nilo
346 1094 400 1147 iam
416 1094 478 1162 plus
496 1097 540 1147 est
557 1094 631 1163 quod
648 1094 731 1148 datin
747 1094 820 1149 intra

110 1167 201 1223 uitalis
218 1184 302 1224 venas
319 1185 401 1236 quam
418 1171 492 1238 qnod
509 1169 571 1225 fluit
588 1170 677 1239 adque
694 1170 807 1225 recedit.

105 1245 237 1300 -onnribus
253 1245 297 1300 hie
314 1251 391 1314 aetas
408 1244 493 1299 debet
510 1245 659 1300 consistere
676 1246 767 1313 rebus,
919 1260 970 1301 nat

110 1320 154 1376 irio
171 1326 269 1377 natura
285 1323 341 1376 suis
358 1322 479 1376 refrenat
497 1322 600 1376 viribus
617 1326 734 1376 auctum.
958 1335 964 1349 ⁴

109 1413 172 1452 nam
191 1415 376 1468 quaecumque
393 1397 470 1452 rides
487 1398 573 1452 lrilaro
590 1398 771 1467 grandescere
788 1397 909 1453 adauctu

109 1474 294 1543 paulatimque
311 1475 413 1543 gradus
430 1475 529 1529 aciatis
547 1474 678 1529 scandere
694 1475 813 1541 adultae,

108 1549 188 1618 plura
205 1552 256 1604 sibi
273 1551 421 1605 adsumunt
438 1567 519 1619 quam
537 1551 573 1605 de
591 1568 621 1605 se
638 1567 752 1620 corpora
768 1550 892 1617 mittunt,
958 1578 962 1587 =

107 1625 175 1679 dum
193 1627 271 1680 facile
287 1628 316 1680 in
334 1643 416 1682 venas
432 1627 510 1681 cibus
527 1627 615 1681 omnis
631 1627 737 1682 inditur
753 1630 783 1681 et
799 1626 866 1681 dum
917 1641 968 1682 nat

108 1718 162 1755 non
179 1702 219 1755 ita
234 1707 299 1757 sunt
317 1704 373 1759 lats
390 1704 514 1774 dispersa
531 1708 563 1758 ut
579 1703 666 1758 multa
682 1702 826 1758 remittant

109 1781 139 1832 et
155 1777 217 1848 plns
234 1778 362 1849 dispendi
378 1781 479 1835 faciam
496 1797 578 1851 quarn
595 1780 716 1834 vescitur
732 1783 816 1834 aetas.

108 1870 171 1908 nam
189 1860 265 1909 corte
282 1855 366 1910 liuere
384 1857 474 1926 adque
491 1857 622 1911 recedere
638 1873 754 1926 corpora
769 1856 854 1910 rebus
953 1872 961 1903 .·
1007 1864 1019 1889 ⁰

108 1930 195 1984 multa
211 1947 306 1984 manus
324 1932 444 1986 dandum
462 1938 520 1998 est3
538 1933 588 1986 sed
605 1933 685 2002 plura
701 1932 832 1986 accedere
853 1930 965 2005 debent,
1065 1958 1067 1961 ·

108 2006 195 2061 donee
212 2007 350 2062 alescendi
367 2025 502 2063 summum
520 2009 638 2077 tetigere
654 2025 790 2062 cacumen.
917 2022 966 2063 neo

107 2082 173 2137 inde
190 2084 346 2138 minutatim
363 2086 436 2140 sires
452 2090 482 2140 et
499 2085 583 2139 robur
600 2084 724 2139 adultum

107 2160 209 2229 frangit
226 2165 255 2215 et
272 2162 301 2214 in
318 2167 426 2231 partem
443 2162 565 2232 peiorem
582 2160 696 2230 liquitur
711 2164 795 2215 aem.
955 2206 958 2209 .

107 2236 210 2307 quippe
219 2238 319 2292 etenim
332 2239 433 2307 quanto
445 2242 489 2292 est
499 2254 545 2292 res
556 2237 679 2307 amplior,
688 2238 813 2306 augmine
825 2236 965 2306 adempta

107 2318 137 2368 et
154 2330 208 2381 quo
226 2314 306 2368 latior
323 2319 375 2383 ost,
391 2316 419 2368 in
437 2319 548 2370 curiates
564 2313 687 2382 undique
703 2314 791 2383 partis

107 2390 187 2460 plura
203 2393 285 2445 morlo
303 2391 439 2460 dispargit
455 2396 485 2446 et
502 2391 537 2444 ab
555 2407 584 2445 se
602 2406 717 2460 corpora
732 2390 829 2459 mittit,
915 2404 964 2446 11³⁵

107 2484 157 2522 nee
175 2466 255 2522 facile
272 2468 300 2521 in
318 2483 400 2521 renas
417 2467 494 2522 cibus
511 2467 598 2521 onmis
616 2466 723 2520 diditur
740 2467 767 2520 ei

106 2561 158 2599 nec
175 2544 241 2598 satis
257 2547 309 2611 est,
327 2559 377 2613 pro
395 2560 477 2611 quam
494 2544 584 2611 largos
601 2546 745 2597 exaestuat
761 2546 861 2610 aestus,

105 2621 179 2675 unde
196 2625 279 2690 queat
297 2624 404 2674 tantum
422 2620 538 2674 suboriri
556 2636 588 2673 ac
606 2619 791 2689 subpeditare.

54 2697 196 2751 nnomnia
212 2696 297 2751 debet
314 2696 387 2750 eninr
404 2697 481 2751 cibus
497 2698 636 2763 integrare
653 2695 778 2750 novando

105 2778 135 2826 et
151 2772 248 2826 indoire
264 2772 349 2838 cibus,
366 2773 444 2827 cirne
461 2772 552 2826 omnia
568 2776 730 2839 sustentare,
915 2787 964 2828 nae

104 2847 276 2912 nequiquam,
294 2848 422 2913 quoniam
439 2864 491 2901 nec
508 2862 594 2901 venae
611 2848 806 2915 perpetiuntur

105 2918 180 2984 quod
191 2918 259 2970 satis
269 2923 314 2971 cst
325 2935 414 2987 neque
426 2927 559 2989 qnantum
569 2937 639 2990 opus
650 2925 694 2975 est
708 2926 807 2976 natura
817 2923 963 2991 ministrat

54 2993 164 3043 ineiure
181 2990 265 3056 igitur
281 2998 406 3061 pereunt,
423 3012 486 3049 cum
503 2996 638 3050 rarefacta
655 2996 765 3051 fluendo

106 3067 170 3115 sunt
187 3068 216 3115 et
233 3078 295 3116 cum
313 3069 434 3121 externis
452 3070 632 3124 succumbunt
649 3073 740 3126 omnia
756 3073 870 3142 pingis„

104 3136 324 3201 quandoquidem
341 3142 438 3203 grandi
456 3144 534 3197 eibns
550 3160 617 3197 acro
634 3145 753 3214 deniqne
770 3148 840 3203 dclit
914 3132 965 3206 nie
