2190 3398
548 117 583 174 II
952 123 1002 179 46·

135 227 167 279 et
178 221 376 292 *quodcumque
394 221 482 288 inagis
499 221 541 275 vis
558 221 658 276 multas
675 223 798 292 possidet
814 223 844 278 in
861 239 892 279 se

136 305 220 369 atque
237 300 400 370 potestates,
417 299 455 351 itu
473 297 597 367 plurima.
607 298 803 368 principiorum

133 379 164 433 in
185 392 245 431 sese
263 392 365 445 genera
384 392 416 428 ae
433 375 521 429 varias
540 375 622 429 decet
640 392 701 430 esse
718 377 826 444 figuras.

135 454 271 526 principie
289 452 370 506 tellus
388 451 473 506 habet
489 452 518 505 in
536 469 566 506 se
585 470 699 523 corpore
715 454 804 522 prima

134 531 211 585 unde
228 546 304 583 mare
321 528 474 583 inmensum
491 529 631 583 volventes
649 529 751 598 frigora
769 529 859 585 fontes
959 544 995 584 aaa

135 607 252 661 adsidvre
269 609 410 674 renovent,
427 605 512 659 habet
529 607 607 674 ignes
625 606 699 659 unde
717 606 846 660 oriantur.

135 701 201 738 narn
219 682 313 737 multis
332 699 460 738 succensa
478 682 544 736 loeis
562 685 661 738 ardent
678 683 736 737 sela
752 688 851 753 terrae,

135 761 245 816 eximiis
262 777 327 814 vero
344 760 413 813 iniit
430 760 539 828 ignibus
557 761 676 829 impetus
695 762 809 814 Aetnae.

134 843 196 892 tum
214 855 295 907 porro
314 837 416 891 nitidas
433 838 527 906 fruges
544 836 710 904 arbustaque
727 836 799 890 laeta

133 913 263 982 gentibus
279 914 403 968 humanis
420 913 504 968 babet
521 913 595 968 unde
612 912 743 967 extollere
760 913 853 982 possit,
957 924 994 964 tao

134 989 210 1044 unde
229 989 312 1043 etiam
330 989 426 1044 fluvios
443 989 556 1043 frondes
574 993 604 1044 et
620 989 721 1059 pabula
739 989 812 1043 taeta

135 1067 292 1134 montivago
309 1067 403 1136 generi
420 1066 509 1136 possit
526 1065 659 1135 praebere
677 1066 802 1119 ferunnn.

136 1160 222 1212 quare
240 1160 338 1211 magna
356 1143 439 1197 deum
456 1147 546 1197 mater
562 1146 705 1211 materque
723 1143 842 1197 serarum

136 1224 167 1274 et
184 1219 271 1273 nostri
289 1221 416 1287 genetrix
434 1219 501 1274 haee
514 1219 594 1273 *dieta
611 1223 654 1273 est
672 1221 792 1289 eorporis
808 1234 870 1271 una

146 1306 151 1313 '
173 1295 254 1371 Hane
272 1300 381 1371 veteres
399 1296 511 1350 Graium
530 1295 747 1391 qoftineeoipere
764 1297 888 1381 ροᾳὺαοτ

104 1376 151 1432 aa
249 1374 456 1429 namnam.
476 1364 645 1435 ‘sset-er
823 1360 837 1424 '3
857 1376 881 1399 1·
900 1376 915 1407 ’ν
935 1376 941 1399 ¹

136 1465 169 1502 s'
189 1448 249 1502 'bus
266 1448 296 1520 in
313 1465 394 1502 eurru
411 1447 518 1516 biiugos
535 1448 640 1515 agitare
657 1447 756 1515 leones,
868 1450 897 1489 θ(
917 1476 928 1487 υ
958 1468 983 1513 ‘A
1025 1458 1052 1503 ,t

136 1525 209 1579 aeris
226 1525 254 1577 in
273 1524 363 1593 spatio
380 1541 506 1591 magnam
524 1524 645 1593 pendere
663 1523 793 1577 docentes

136 1601 264 1654 tellurem
283 1616 371 1668 neque
389 1616 468 1668 posse
488 1600 515 1652 in
534 1603 611 1653 terra
630 1599 727 1653 sistere
744 1603 854 1654 terram.

136 1677 286 1730 adiunxere
305 1676 384 1744 feras,
402 1677 466 1745 quia
484 1677 606 1746 quamvis
625 1676 707 1731 effera
724 1676 814 1745 proles

137 1753 232 1806 officiis
250 1752 334 1806 debet
351 1753 449 1807 molliri
466 1754 539 1806 vieta
557 1757 708 1829 parentum.
957 1769 993 1807 eos

136 1829 289 1898 muralique
308 1832 391 1899 eaput
411 1846 544 1882 summum
563 1830 671 1883 cinxere
689 1846 794 1898 corona,

137 1906 244 1960 eximiis
261 1906 366 1960 munita
384 1906 451 1960 loeis
470 1907 534 1975 quia
552 1907 668 1960 sustinet
685 1906 781 1972 urbes;

137 1999 191 2050 quo
209 1999 280 2035 nune
298 1983 395 2051 insigni
413 2001 463 2053 per
481 2000 593 2052 magnas
609 1981 736 2052 praedita
753 1986 841 2036 terras

136 2058 265 2112 horrifice
282 2059 370 2113 fertur
387 2059 496 2113 divinae
514 2059 610 2114 matris
627 2060 723 2127 imago.

137 2133 207 2189 hane
226 2134 317 2188 variae
334 2139 431 2203 gentes
449 2135 561 2204 antiquo
579 2151 654 2189 more
673 2151 809 2189 saevorum
957 2148 993 2186 oro

139 2211 252 2265 idaeam
271 2211 394 2267 vocitant
411 2215 529 2266 matrem
549 2211 733 2280 Phrygiasque
752 2214 875 2265 catervas

138 2287 205 2342 dant
224 2288 347 2356 comites,
365 2289 429 2357 quia
445 2290 565 2357 primum
584 2305 618 2342 ex
635 2287 689 2341 illis
706 2286 806 2340 finibus
822 2285 909 2340 edunt

137 2382 189 2434 per
206 2367 343 2418 terrarum
361 2365 455 2418 orbem
472 2366 567 2433 fruges
585 2365 705 2434 coepisse
723 2363 816 2418 ereari.

136 2440 223 2509 gallos
242 2440 406 2509 attribuunt,
424 2442 494 2509 quia,
514 2457 615 2495 numen
633 2442 680 2509 qui
698 2439 826 2495 violarint

138 2518 236 2572 matris
254 2520 283 2571 et
300 2517 401 2586 ingrati
418 2517 588 2586 genitoribus
605 2517 708 2572 inventi
726 2517 788 2583 sint,
957 2529 994 2568 ers

137 2594 291 2663 significare
308 2594 402 2649 volunt
419 2595 544 2663 indignos
561 2610 621 2648 esse
639 2594 783 2663 putandos,

138 2671 227 2725 vivam
245 2672 402 2740 progeniem
421 2673 467 2740 qui
485 2673 513 2725 in
531 2688 592 2725 oras
609 2670 717 2724 luminis
735 2670 827 2724 edant.
886 2722 889 2729 ,
926 2723 942 2761 ἢ

137 2752 268 2817 tympana
285 2751 363 2802 tenta
380 2750 477 2822 tonant
494 2748 591 2817 palmis
609 2750 638 2801 et
656 2746 779 2815 cymbala
797 2745 898 2799 circum
934 2779 944 2802 2

137 2840 264 2891 eoneava,
282 2824 477 2893 raucisonoque
495 2825 633 2878 minantur
650 2839 750 2876 eornua
768 2826 850 2875 cantu

138 2903 168 2954 et
187 2900 306 2970 Phrygio
324 2900 446 2954 stimulat
464 2916 576 2953 numero
594 2915 659 2952 cava
676 2897 745 2951 tibia
761 2896 868 2961 mentis,
959 2907 996 2946 eae

138 2976 253 3045 telaque
270 2979 449 3046 praeportant
466 2975 579 3029 violenti
597 2973 797 3041 signaturam,

138 3052 262 3120 ingratos
279 3052 383 3105 animos
400 3055 483 3119 atque
500 3050 585 3119 impia
601 3053 714 3117 pectora
732 3046 803 3111 volgi

139 3130 297 3183 oonterrere
314 3131 391 3182 metu
409 3143 479 3195 quae
496 3126 601 3194 possint
618 3122 727 3175 nmuini‘
748 3119 833 3172 divae.

131 3214 207 3274 'ergo
224 3221 286 3260 enm
304 3204 422 3274 primum
440 3215 551 3268 magnas
568 3199 675 3252 inveeta
692 3210 742 3263 per
759 3191 835 3265 urbis

958 1366 996 1419 qv
