2176 3404
101 176 265 247 expertique
282 192 346 231 sues
363 192 459 231 saevos
477 180 541 231 sunt
558 176 671 232 mittere
687 177 717 234 in
732 179 825 234 hostis

101 258 132 310 et
148 253 253 307 validos
269 253 370 322 partim
388 269 455 322 prae
473 269 503 307 se
520 253 619 308 misere
636 254 728 310 leones
904 270 961 312 1³10

101 347 164 385 eum
182 329 338 385 doctoribus
355 330 467 383 armatis
485 330 627 397 saevisque
645 330 784 400 magistris
973 341 975 345 '

101 408 149 477 qui
166 406 334 461 moderarier
352 405 395 458 his
411 409 525 474 possent
542 406 694 476 vinclisque
710 411 813 475 tenere,

101 485 272 554 nequiquam,
289 484 415 552 quoniam
433 484 570 551 permixta
586 483 671 538 caede
688 484 807 538 calentes

101 559 251 614 turbabant
268 560 343 614 saevi
361 559 435 612 nullo
453 557 609 614 discrimine
625 564 738 626 tmmas

101 652 245 685 emmens
255 652 364 685 camme
378 651 529 691 Qnsnlsnsts
541 652 654 692 numqua
666 652 763 686 cn1ssss
904 651 959 692 1315

101 731 151 768 neo
168 718 299 784 poterant
317 716 423 785 equites
441 714 555 769 fremitu
572 713 721 785 perterrita
738 730 871 783 equorum

100 793 213 858 pectora
230 791 348 845 mulcere
366 794 395 844 ot
412 791 497 845 frenis
514 794 674 845 convertere
690 791 719 845 in
737 790 830 844 hostis.

101 866 214 921 inritata
232 867 291 921 leae
309 867 444 921 iaciebant
461 884 575 937 corpora
592 867 665 922 saltu

101 942 221 1012 undique
239 946 268 997 et
285 944 430 997 adversum
447 944 621 998 venientibus
638 959 687 998 ore
703 942 837 1014 petebant

101 1022 131 1072 et
148 1034 199 1072 nee
216 1019 352 1088 opmantis
369 1035 386 1072 a
403 1023 482 1087 tergo
500 1017 672 1088 deripiebant
906 1031 959 1070 asae

101 1093 288 1164 deplexaeque
306 1094 410 1148 dabant
426 1094 454 1148 in
472 1098 575 1149 terram
592 1095 702 1149 volnere
719 1094 813 1159 victos,

102 1172 235 1225 morsibus
253 1171 361 1225 adfixae
378 1171 475 1224 validis
492 1176 577 1239 atque
594 1171 731 1239 unguibus
747 1170 831 1223 uneis.

90 1246 294 1317 daetebantque
313 1264 376 1301 suos
392 1248 467 1301 tauri
483 1247 656 1315 pedibusque
673 1245 802 1301 terebant

102 1326 132 1376 ot
149 1323 235 1378 latera
252 1341 283 1378 ae
301 1328 410 1378 ventres
427 1323 575 1378 hauribant
592 1327 687 1392 supter
704 1338 835 1390 equorum

102 1399 229 1454 cornibus
246 1404 276 1453 et
293 1404 395 1454 terram
414 1400 551 1454 minitanti
568 1399 660 1453 fronte
679 1399 802 1452 ruebant.
905 1412 959 1452 lsao

101 1478 131 1528 et
148 1476 245 1529 validis
263 1477 348 1530 soeios
365 1476 516 1530 caedebant
533 1475 662 1529 dentibus
679 1476 739 1544 apri

102 1551 158 1604 tela
174 1553 290 1607 infracta
308 1569 356 1606 suo
373 1554 530 1621 tinguentes
549 1552 680 1620 sanguine
696 1550 778 1617 saevi,

103 1643 129 1674 IN
143 1643 170 1675 ss
184 1643 277 1676 FRACTA
291 1643 335 1676 SUO
351 1644 500 1676 mnsnsnsss
513 1643 635 1676 sexennis
649 1641 710 1675 raim
767 1632 792 1688 ‘k
809 1610 890 1680 W

101 1705 306 1774 permixtasque
325 1706 429 1760 dabant
446 1708 569 1776 equitum
586 1706 766 1775 peditumque
783 1702 882 1756 rusinas.

101 1796 164 1833 nam
182 1784 337 1835 transversa
354 1784 428 1836 ieros
445 1782 557 1836 exibant
575 1782 666 1836 dentis
684 1781 798 1834 adactus
903 1793 956 1833 isso

101 1856 223 1910 iumenta
240 1861 288 1909 aut
305 1857 423 1925 pedibus
440 1863 536 1912 ventos
554 1861 646 1912 ereeta
662 1856 802 1926 petebant,

101 1934 275 2001 nequiquam,
294 1935 422 2002 quoniam
438 1935 475 1999 ,ab
492 1935 582 1988 neruis
601 1931 830 1995 sueoisamideres

102 2010 244 2063 eouoidere
262 2013 345 2078 atque
363 2013 439 2079 gravi
456 2014 559 2065 terram
577 2013 752 2063 consternere
769 2022 841 2060 casu.

102 2087 193 2154 siquos
211 2089 276 2141 ante
293 2086 367 2140 demi
386 2087 504 2141 domitos
522 2087 588 2141 satis
606 2102 666 2139 esse
684 2083 825 2154 putabant,

102 2163 278 2217 effervescere
296 2165 444 2218 cernebant
461 2164 488 2216 in
507 2162 589 2217 rebus
606 2161 723 2230 agundis
903 2170 955 2211 lass

101 2239 256 2294 volneribus
273 2241 390 2294 elamore
406 2241 472 2308 suga
488 2243 595 2295 terrore
612 2237 741 2304 tumultu,

101 2332 151 2368 neo
168 2320 296 2384 poterant
313 2317 397 2371 uliam
415 2321 522 2385 partem
539 2314 692 2369 reddueere
709 2328 819 2375 eorum;

102 2391 261 2460 diffugiebat
279 2393 351 2446 enim
369 2394 474 2448 vanum
492 2408 578 2459 genus
595 2406 675 2444 omne
692 2389 829 2452 ferarum3

101 2471 133 2520 ut
151 2484 222 2521 niune
240 2484 322 2538 saepe
339 2468 422 2523 boves
439 2469 517 2522 lucae
534 2468 607 2521 ferro
624 2466 695 2520 male
713 2466 820 2518 mactae

102 2544 254 2613 diffugiunt,
270 2546 331 2599 fera
347 2546 405 2600 fata
422 2545 477 2599 suis
494 2561 556 2598 cum
572 2543 660 2597 multa
677 2540 788 2595 dedere.
822 2557 857 2633 4
904 2551 955 2594 1111

100 2637 122 2670 SI
134 2637 191 2670 FUIT
204 2638 235 2670 UT
248 2638 372 2672 reclinans
384 2639 428 2671 sm)
441 2637 484 2670 VIX
494 2637 609 2670 ADDUGOR
618 2636 651 2667 UT
661 2633 724 2666 ANTE

101 2699 150 2731 NON
161 2698 278 2737 euntium
287 2699 365 2731 Ammo
375 2698 538 2731 sanast-mma
547 2696 628 2735 ATQUE
638 2692 730 2727 vlmasn

101 2760 171 2797 QUAM
181 2759 300 2792 COMMUNE
310 2760 397 2791 Manum
409 2760 494 2791 mnam·
503 2757 652 2796 FOEDUMQUE
661 2752 780 2787 sunnam!

102 2820 130 2853 ΕΤ
140 2819 216 2850 MAGIS
227 2820 253 2849 ID
262 2820 336 2852 Possm
345 2821 441 2853 FAOEUM
451 2819 607 2852 communiens
617 2818 644 2850 IN
654 2816 715 2849 omni

101 2876 129 2906 IN
138 2876 218 2907 vsmrs
227 2878 321 2910 nonme
330 2880 408 2912 VARIA
417 2881 523 2912 RATIONE
533 2879 632 2912 camme

101 2935 171 2970 QUAM
181 2936 255 2967 CERTO
264 2938 345 2976 ATQUE
353 2940 404 2972 UNO
412 2941 546 2973 neamus(
556 2940 675 2979 eveum
684 2940 743 2972 oum

102 2994 151 3044 sod
168 2995 258 3047 faeere
275 2998 306 3048 id
322 3015 376 3052 non
394 3004 451 3054 tam
467 3002 594 3055 vincendi
612 3019 660 3071 spe
677 3002 831 3069 uoluerunt,

102 3080 184 3147 <luem
201 3068 268 3119 dare
285 3073 360 3136 qnod
376 3080 518 3138 gemerent
535 3077 637 3146 hostes,
653 3077 761 3145 ipsique
777 3077 878 3146 perire,

100 3150 147 3198 qm
164 3150 276 3190 numero
293 3142 455 3200 diffidebant
471 3151 608 3217 armisque
626 3151 768 3206 vacabant.
