2190 3398
81 91 121 152 70
477 91 531 148 ΙΙΙ

79 210 130 248 nee
147 195 270 264 repentis
286 193 357 249 itum
374 191 608 263 euiusriseumque
626 195 772 251 animantis

79 269 212 323 sentimus
228 286 278 324 nec
294 269 374 339 privo
390 269 492 338 pedum
509 269 625 339 vestigio
641 287 775 340 quaeque,

79 362 191 414 corpore
209 361 280 415 quae
297 345 326 400 in
342 350 437 401 nostro
453 344 553 400 culices
570 352 600 401 et
617 352 710 402 cetera
726 349 839 418 ponunt
894 363 934 404 eoo

79 438 168 491 usque
185 422 255 477 adeo
272 423 349 492 prius
366 427 409 477 est
427 423 455 476 in
472 421 551 477 uobis
569 425 658 479 muita
673 424 801 478 ciendum

35 519 67 552 nm
79 496 186 552 semina
202 499 362 567 corporibus
379 498 480 554 nostris
497 499 614 553 inmixta
630 517 681 570 per
697 504 782 566 artus,

36 590 69 622 us
79 590 163 641 quern
180 575 331 644 primordia
349 576 498 630 sentiscunt
514 589 644 630 concussu
661 576 761 630 animai

78 652 108 702 ct
125 666 207 719 quam
225 650 254 703 in
272 650 315 704 iris
331 651 482 706 interuallis
499 651 649 707 tuditantia
664 652 770 722 possint

78 741 239 779 concursare
257 727 329 781 coire
347 732 376 783 et
394 728 540 784 dissultare
558 727 696 798 vicissim]
893 744 933 786 sin

112 802 151 856 iit
167 802 254 869 magis
270 807 315 857 est
332 804 439 858 animus
455 805 521 859 ritui
538 805 658 860 obirstra
675 822 804 861 coercens
880 862 885 866 .

77 880 108 932 et
123 877 308 933 dominantior
325 881 363 934 ad
379 881 465 935 vitani
483 897 565 950 quam
584 882 625 935 vis
642 881 749 935 animai.

76 969 139 1007 narn
156 953 215 1007 sine
232 968 325 1010 mente
342 957 488 1026 animoque
505 957 600 1026 nequit
617 957 740 1012 residere
756 974 806 1025 per
823 960 904 1011 ortus

76 1032 208 1100 temporis
225 1031 351 1099 exiguam
369 1038 478 1100 partem
495 1050 560 1103 pars
576 1034 633 1088 ulla
650 1033 759 1099 animai,

77 1106 127 1160 sed
143 1124 234 1163 comes
251 1107 405 1178 insequitur
422 1109 500 1163 inciie
517 1113 547 1164 et
564 1109 684 1164 discedit
700 1110 728 1162 in
746 1126 827 1163 auras
890 1125 933 1164 coo

77 1187 107 1237 et
123 1185 230 1252 gelidos
248 1188 325 1239 ortus
342 1185 371 1239 in
388 1184 438 1240 leti
455 1186 557 1254 frigore
573 1185 683 1255 linquit

78 1265 107 1315 at
126 1265 218 1315 manet
235 1261 263 1315 iu
281 1261 339 1315 vitu
356 1261 400 1315 cui
417 1278 494 1316 inens
512 1262 673 1331 urrimnsque
689 1262 830 1316 remansit.

78 1339 202 1405 quumvis
220 1342 263 1392 est
281 1337 384 1392 circum
403 1338 489 1392 caesis
507 1338 580 1392 lucer
596 1338 719 1406 undique
736 1336 869 1392 membris

77 1417 198 1480 truncus,
217 1415 348 1484 adempte
365 1415 455 1467 nirimu
472 1414 573 1468 circum
591 1415 777 1483 membrisque
795 1416 904 1468 remoto

78 1489 146 1543 vivit
164 1496 192 1543 et
210 1491 348 1545 aetherios
365 1490 457 1551 vitulis
475 1491 588 1559 suscipit
605 1506 693 1544 eurus
891 1504 932 1544 ses

79 1565 102 1617 si
119 1582 173 1617 non
191 1567 360 1633 omnimodis,
378 1571 408 1621 ut
426 1583 524 1633 magna
541 1570 620 1634 porte
638 1564 738 1619 animai

78 1642 206 1709 privatus,
224 1648 315 1696 tamen
333 1643 361 1695 in
378 1643 435 1697 iiie
453 1646 596 1696 ciuictutur
614 1645 644 1695 et
661 1642 773 1706 haerct3

78 1720 118 1785 ut,
135 1717 254 1772 lacerato
271 1719 350 1772 oculo
367 1719 468 1772 circum
487 1719 510 1772 si
528 1717 630 1787 pupula
646 1716 747 1771 mansit

26 1807 28 1810 ⁴
78 1793 227 1862 incolumis,
245 1798 302 1848 stat
319 1795 451 1848 cernundi
469 1794 560 1848 vivata
576 1797 707 1863 potestus,

79 1869 227 1924 dummodo
243 1887 278 1924 ue
295 1874 385 1925 toturn
403 1887 561 1939 corrumpas
578 1869 687 1923 luminis
704 1868 799 1922 orbem
892 1884 931 1924 sio

78 1948 107 2000 et
124 1946 225 2000 circum
243 1948 343 2001 caedas
360 1947 445 2000 aciem
463 1948 604 2015 solumque
621 1945 776 2014 relinquos3
941 1947 945 1953 ’

78 2021 108 2075 id
125 2038 234 2091 quoque
251 2023 324 2077 eninr
342 2022 400 2076 sine
417 2023 538 2091 pemicic
553 2031 609 2075 'non
627 2021 676 2075 iiet
694 2037 795 2075 eorum.

76 2102 108 2152 at
126 2098 149 2152 si
166 2100 273 2153 tantuin
290 2116 355 2168 pers
372 2100 442 2153 oculi
460 2099 552 2152 media
569 2098 616 2151 iliu
633 2114 730 2167 peresa
747 2100 799 2164 esi,

77 2175 178 2230 occidit
195 2177 332 2246 extempio
350 2176 442 2230 lumen
459 2174 645 2243 tenebraeque
663 2177 799 2241 secuntur,

76 2250 220 2306 incolumia
236 2252 360 2321 quumvis
377 2251 477 2320 aliquoi
494 2251 532 2303 rii
550 2249 709 2320 splendidus
726 2222 846 2313 orbis.)
891 2264 929 2304 415

76 2327 128 2382 hoe
146 2329 237 2383 anima
254 2334 338 2398 atque
355 2329 462 2382 animus
478 2329 562 2382 vineti
580 2331 645 2381 snut
661 2326 773 2380 foedere
791 2342 909 2395 semper.

94 2400 190 2460 fNiiue
208 2422 266 2474 age,
285 2405 391 2459 nativos
409 2403 595 2457 animantibus
612 2406 642 2457 et
659 2403 784 2456 mortuiis

76 2493 136 2534 osse
153 2482 257 2534 animos
274 2482 433 2548 animasque
451 2479 518 2533 lei-'is
535 2483 567 2533 ut
585 2497 697 2534 noscere
713 2478 822 2548 possis‚'

76 2558 228 2626 conquisito
246 2559 293 2611 diu
311 2557 441 2625 dulcique
459 2561 571 2626 reperta
588 2555 681 2609 labore

76 2633 158 2703 digna
176 2636 225 2688 tua
241 2628 353 2704 pergam
373 2632 520 2702 disponere
538 2632 657 2685 carmina
675 2648 746 2685 ema.
891 2642 930 2682 sao

76 2713 108 2763 tu
124 2711 168 2765 foc
185 2714 334 2779 utrumque
352 2710 400 2762 uni
419 2709 565 2776 subiungas
582 2723 681 2760 nomen
699 2723 803 2773 eorum,

76 2788 159 2852 utque
177 2786 294 2840 animum
312 2783 389 2838 verbi
409 2800 568 2838 causacum
587 2782 678 2835 dicere
695 2798 816 2849 pergam,

76 2858 219 2912 urortnlem
231 2876 291 2912 esse
303 2860 411 2923 docens,
424 2859 544 2912 oninium
557 2868 665 2925 quoque
677 2857 769 2912 dicere
781 2856 885 2924 credes,

77 2936 211 2994 quatenus
229 2935 272 2983 est
288 2949 372 2985 unum
391 2934 464 2986 inter
482 2949 512 2986 so
530 2932 725 2999 coniunctaque
742 2947 788 2985 res
807 2935 856 2984 est

77 3003 208 3069 principio
227 3005 354 3068 quonium
372 3009 483 3061 tenuem
500 3010 624 3060 constare
641 3007 754 3060 minutis
893 3020 930 3059 sat

77 3075 235 3142 corporibus
253 3076 332 3129 docui
350 3080 492 3147 multoque
509 3082 658 3134 minoribus
677 3097 737 3134 esse

76 3147 218 3213 principiis
236 3147 341 3213 facum,
353 3166 435 3214 quom
454 3155 574 3219 liquidus
592 3171 669 3207 umor
686 3156 768 3222 aquei
