2138 3404
547 95 560 151 Ι
938 105 977 162 23

117 219 265 278 praeterea
282 217 471 272 quaecumque
487 215 505 254 o
522 202 598 254 term
615 214 730 271 corpora
746 210 872 263 creseunt

119 284 146 338 si
164 286 229 337 sunt
245 282 274 334 in
292 279 383 346 terris,
401 280 506 332 terram
523 280 649 331 oonstare
666 285 805 337 ueeessest

119 377 156 413 ex
175 357 342 425 alienigenis,
361 371 432 424 quae
449 353 531 408 terris
549 355 717 410 exoriuntur.

118 436 241 490 transfer
257 435 334 498 item,
352 431 469 487 totidem
486 429 577 483 verbis
594 434 675 485 utare
692 433 792 488 licebit.
941 452 978 493 ⁸7⁰

118 512 151 565 in
168 511 249 580 lignis
268 510 292 564 si
309 509 419 562 flamma
437 507 506 561 latet
522 506 668 576 fumusque
685 509 815 579 cinisque,

119 604 157 642 ex
174 585 334 655 alienigenis
351 583 504 638 eonsistant
520 583 595 651 ligna
612 589 755 640 necessest

118 668 267 734 praeterea
282 662 366 717 tellus
383 675 455 731 quae
472 675 587 729 corpore
604 677 720 730 eumque
738 662 795 730 alit,
813 668 898 734 auget

545 753 563 787 s

120 832 157 870 ex
174 814 341 883 alienigenis,
359 828 431 882 quae
448 812 530 880 lignis
548 812 593 865 bia
610 813 742 870 oriuntur.

158 893 305 961 Linquitur
322 890 366 944 hio
384 889 519 958 quaedam
537 889 665 944 latitandi
682 893 761 961 eopia
777 895 873 961 tenvis,
942 910 979 951 aas

120 968 154 1022 id
171 968 246 1038 quod
265 971 444 1034 Anaxagoras
463 965 515 1019 sibi
534 966 626 1034 sumit,
643 970 676 1021 ut
693 969 819 1023 omnibns
837 971 926 1024 omnis

121 1061 167 1099 res
186 1048 266 1114 putet
284 1043 414 1097 inmixtas
432 1041 515 1095 rebus
533 1041 651 1111 latitare,
670 1044 720 1098 sed
736 1045 806 1100 illud

121 1138 257 1190 apparere
274 1137 360 1174 unum
378 1118 456 1174 euius
474 1119 530 1172 sint
546 1118 665 1188 plurima
680 1121 768 1177 mixta

121 1202 153 1252 et
171 1198 259 1266 magis
276 1198 305 1250 in
322 1199 455 1266 promptu
471 1194 616 1264 primaque
634 1196 663 1249 in
681 1197 772 1254 fronte
790 1200 885 1254 locata.

122 1275 198 1342 quod
214 1278 308 1329 tamen
327 1290 344 1327 a
361 1287 427 1326 vero
443 1271 524 1338 longe
541 1272 648 1327 ratione
664 1275 838 1343 repulsumst.
943 1291 980 1329 seo

120 1350 302 1405 conveniebat
320 1349 394 1403 enim
411 1347 505 1415 fruges
523 1364 633 1417 quoque
651 1367 741 1419 saepe,
759 1351 858 1405 minaei

120 1427 221 1482 robore
240 1443 302 1482 eum
320 1426 379 1480 saxi
397 1426 568 1493 franguntur,
588 1426 701 1481 mittere
718 1429 825 1496 signum

122 1504 262 1573 saogorinis
279 1507 329 1558 aut
346 1501 460 1572 aliquid,
479 1495 664 1572 nostro'quae
682 1520 795 1574 corpore
812 1505 938 1573 aluntur3

120 1597 184 1635 curu
202 1581 287 1650 lapidi
305 1579 427 1650 lapidem
447 1578 571 1647 terimus,
590 1596 701 1635 manare
719 1599 851 1637 eruorem.

120 1657 255 1711 eonsimili
273 1657 380 1710 ratione
399 1654 499 1709 herbas
519 1673 628 1725 quoque
647 1673 728 1727 saepe
746 1658 862 1717 decebat
942 1675 980 1719 885

120 1737 150 1788 et
167 1734 257 1789 laticis
275 1732 363 1787 duleis
381 1735 475 1802 guttas
496 1732 634 1802 similique
651 1751 748 1804 sapore

120 1812 243 1879 mittere,
260 1810 398 1878 lanigerae
417 1796 576 1879 qualssunt
592 1810 678 1864 ubere
695 1811 782 1881 laetis,

120 1887 226 1941 scilieet
243 1890 274 1941 et
290 1886 378 1955 glebis
398 1888 536 1940 terrarum
555 1902 638 1957 saepe
655 1887 743 1942 friatis

119 1963 270 2018 herbarum
287 1979 390 2031 genera
410 1965 440 2016 et
457 1962 551 2031 fruges
570 1962 737 2033 frondesque
754 1962 841 2019 videri

121 2038 268 2109 dispertita
286 2039 359 2091 inter
378 2043 482 2093 terram
503 2038 614 2092 latitare
632 2040 745 2110 minute,
943 2055 980 2095 sao

120 2118 261 2184 postremo
278 2117 307 2169 in
324 2115 406 2183 lignis
425 2116 547 2169 cinerem
566 2114 727 2184 fumumque
746 2116 841 2186 videri,

121 2207 183 2244 eum
200 2192 357 2260 praefracta
373 2192 471 2258 forent,
494 2191 620 2260 ignisque
638 2192 725 2247 latere
742 2194 868 2247 minutos.

122 2283 239 2336 quorum
256 2267 295 2321 nil
312 2268 372 2322 fieri
392 2268 521 2337 quoniam
544 2268 689 2323 manifesta
706 2270 788 2324 docet
804 2285 857 2338 ree,

120 2343 191 2397 seire
208 2344 273 2398 lieet
290 2361 344 2398 non
365 2361 426 2398 esse
442 2344 471 2398 in
492 2344 577 2399 rebus
595 2363 641 2400 res
658 2346 698 2399 ita
714 2346 822 2415 mixtas,

121 2435 217 2474 verum
235 2421 339 2474 semina
356 2421 528 2475 multimodis
547 2422 663 2477 inmixta
680 2423 767 2477 latere
943 2439 980 2478 ses

121 2495 271 2550 multarum
287 2513 379 2551 rerum
396 2500 425 2551 in
445 2496 529 2551 rebus
549 2500 702 2553 eommunia
719 2499 829 2553 debent.

157 2574 211 2627 ‘At
228 2589 310 2642 saepe
326 2575 354 2627 in
373 2576 476 2643 magnis
494 2576 528 2629 iit
544 2576 693 2630 montibus'
711 2575 801 2645 inquis
819 2577 865 2629 ‘ut
882 2575 947 2629 altis

120 2647 263 2704 arboribus
280 2650 369 2705 vicina
389 2653 529 2706 eacumina
547 2669 652 2707 summa
670 2656 798 2706 terantur

120 2724 194 2779 inter
212 2742 249 2793 se,
266 2727 364 2782 ualidis
382 2730 474 2784 fanore
494 2730 524 2783 id
543 2729 704 2798 cogentibus
721 2728 829 2796 austris,

121 2801 210 2856 donee
226 2802 346 2858 flammai
363 2806 501 2861 fulserunt
519 2807 586 2862 flore
603 2806 710 2862 coorto!
944 2819 981 2858 ⁰0⁰

121 2877 225 2933 scilieet
242 2884 273 2935 et
289 2897 343 2935 non
362 2886 405 2936 est
422 2883 504 2953 lignis
523 2889 617 2939 tamen
634 2883 733 2937 insitus
750 2882 829 2951 ignis,

120 2970 217 3008 verum
236 2956 340 3012 semina
358 2962 421 3014 sunt
440 2960 547 3015 ardoris
564 2960 659 3027 multa,
677 2959 793 3012 terendo

120 3034 191 3098 quae
211 3048 274 3086 cum
291 3034 455 3100 confluxere,
474 3040 570 3091 creant
587 3033 713 3088 incendia
731 3033 812 3086 silvis.
866 3044 870 3065 ¹

120 3108 196 3176 qnod
217 3109 240 3162 si
258 3110 332 3164 saeta
348 3111 421 3165 foret
439 3112 514 3165 silvis
531 3110 695 3165 abscondita
711 3107 828 3172 flamma,
868 3114 872 3119 ’

123 3198 176 3239 non
195 3188 309 3255 possent
326 3186 411 3239 ullum
430 3190 540 3255 tempus
557 3185 671 3239 celarier
687 3183 772 3249 ignes,
944 3183 981 3221 ⁰⁰⁶

1018 3328 1063 3356 A
