2190 3398
542 69 578 125 lI
942 65 979 124 39

120 190 239 244 quorum
256 190 341 228 unum
358 173 467 243 quidvis
484 175 637 242 generatim
655 191 764 230 sumere
783 191 877 245 perge,

119 250 244 304 invenies
263 254 355 304 tamen
373 251 445 304 inter
463 267 492 304 se
510 251 622 306 differre
639 251 743 319 figuris.

121 343 175 380 nee
193 327 298 380 ratione
316 326 368 381 alia
387 326 478 395 proles
496 343 659 395 cognoscere
677 331 795 383 matrem

122 418 176 457 nee
194 407 283 457 mater
299 406 395 473 posset
412 403 534 473 prolem;
551 403 626 472 quod
643 419 725 473 posse
742 406 869 459 videmus
945 420 981 463 seo

107 490 176 535 tnec
193 479 282 534 minus
300 482 384 548 atque
402 479 530 548 homiues
541 480 615 533 inter
632 496 662 533 se
678 483 746 534 nota
762 480 862 536 cluere.

122 571 190 609 nam
207 571 288 623 saepe
305 553 371 610 ante
389 555 472 609 deum
489 554 592 608 vitulus
609 555 726 610 delubra
742 557 843 612 decora

123 630 288 686 turicremas
305 635 421 701 propter
437 634 574 685 mactatus
592 633 711 687 concidit
728 649 790 688 aras

123 707 265 775 sanguinis
282 709 411 777 expirans
429 706 548 761 calidum
566 706 602 760 de
619 711 732 777 pectore
749 709 864 765 flumen.

123 787 155 838 at
173 787 264 838 mater
281 783 376 837 viridis
395 783 483 837 saltus
500 784 599 836 orbata
615 800 764 853 peragrans
943 800 980 841 555

123 860 215 913 noscit
233 859 308 913 humi
326 859 443 930 pedibus
461 858 577 927 vestigia
594 876 689 928 pressa
705 860 824 930 bisulcis,

125 937 218 990 omnia
235 937 377 991 convisens
395 933 482 990 oculis
500 935 560 988 loca
577 936 600 988 si
617 940 701 1005 queat
718 954 833 1007 usquam

123 1012 284 1081 conspicere
301 1014 431 1067 amissum
449 1011 546 1080 fetum,
563 1011 736 1082 completque
753 1015 882 1084 querellis

121 1087 307 1142 frondiferum
325 1105 422 1143 nemus
439 1087 576 1142 absistens
593 1091 623 1142 et
640 1089 737 1143 crebra
754 1090 849 1146 revisit

122 1164 162 1221 ad
180 1164 317 1219 stabulum
336 1164 475 1219 desiderio
491 1165 598 1233 perfixa
615 1165 729 1232 iuvenci,
940 1183 978 1222 eoo

122 1257 175 1295 nec
193 1243 306 1295 tenerae
325 1241 421 1295 salices
438 1243 523 1309 atque
539 1240 641 1295 herbae
658 1257 721 1294 rore
738 1240 863 1309 rigentes

123 1316 291 1385 fluminaque
309 1317 357 1372 illa
374 1321 480 1386 queunt
497 1317 610 1370 summis
627 1316 747 1370 labentia
764 1317 832 1385 ripis

123 1392 262 1447 oblectare
280 1394 400 1448 animum
419 1396 612 1465 sumptamque
629 1396 755 1446 avertere
773 1409 873 1458 curam,

122 1485 174 1523 neo
191 1469 339 1524 vitulorum
356 1469 425 1523 aliae
444 1469 548 1538 species
566 1485 618 1538 per
634 1467 736 1537 pabula
753 1468 826 1523 laeta

122 1543 248 1598 derivare
265 1548 370 1613 queunt
388 1544 510 1610 animum
530 1561 650 1613 curaque
667 1544 772 1599 levare:
939 1560 976 1600 aas

122 1637 211 1690 usque
229 1621 297 1675 adeo
315 1620 447 1689 quiddam
465 1620 607 1690 proprium
624 1624 773 1690 notumque
790 1621 911 1691 requirit.

121 1699 269 1765 praeterea
285 1697 374 1751 teneri
391 1697 518 1750 tremulis
535 1713 598 1750 cum
615 1696 727 1750 vocibus
743 1696 825 1750 haedi

121 1772 279 1855 cornigerqs
297 1776 398 1828 norunt
416 1775 520 1827 matres
537 1773 654 1841 agnique
671 1772 774 1842 petulci

121 1848 264 1903 balantum
282 1848 418 1919 pecudes:
437 1849 485 1917 ita,
503 1849 579 1918 quod
596 1853 695 1902 natura
711 1849 837 1918 reposcit,

119 1925 157 1980 ad
175 1942 225 1980 sua
242 1926 358 1994 quisque
375 1926 434 1980 iere
452 1926 603 1979 decurrunt
620 1925 705 1979 ubera
722 1925 808 1979 lactis.
936 1940 973 1982 ere

121 2005 261 2072 postremo
279 2001 394 2070 quodvis
411 2001 651 2054 frumentumnon
668 2003 762 2055 tamen
779 2016 858 2055 omne

121 2079 224 2147 quique
242 2094 291 2131 suo
308 2093 413 2165 generq
427 2077 500 2131 inter
518 2094 548 2130 se
566 2078 652 2131 munile
669 2093 730 2130 esso
746 2076 859 2145 ridebis,

120 2155 188 2223 quin
205 2154 373 2208 intercurrat
390 2153 525 2223 quaedam
542 2153 673 2207 distantia
689 2151 791 2206 formis.

120 2229 339 2298 concharumque
356 2245 443 2298 genus
459 2229 540 2299 parili
558 2229 664 2283 ratione
681 2228 806 2282 ridemus

119 2306 235 2377 pingere
252 2305 360 2360 telluris
376 2306 520 2373 gremium,
538 2322 593 2374 qua
610 2305 735 2359 mollibus
753 2303 833 2358 undis
937 2316 975 2357 375

118 2381 209 2438 litoris
226 2381 332 2436 incurri
349 2381 471 2436 bibulam
489 2383 565 2451 pavit
582 2397 685 2451 aequor
701 2380 839 2434 harenam.

119 2475 207 2528 quare
225 2458 309 2512 etiam
327 2461 411 2527 atque
428 2459 511 2512 ctiam
529 2458 610 2511 simili
626 2457 731 2512 ratione
748 2458 894 2524 necessest,

118 2538 220 2589 natura
237 2535 365 2603 quoniam
383 2538 508 2589 constant
524 2551 614 2602 neque
630 2533 705 2587 iacta
722 2548 805 2586 manu
822 2534 888 2586 sunt

118 2610 205 2665 unius'
219 2611 256 2665 ad
274 2615 379 2665 certam
396 2611 511 2664 formam
529 2610 679 2680 primordia
695 2624 795 2675 rerum,
923 2608 927 2615 ’

119 2686 246 2741 dissimili
263 2687 337 2742 inter
354 2703 384 2741 se
401 2686 539 2756 quaedam
556 2686 671 2740 volitare
688 2685 783 2753 figura
937 2689 975 2736 ast

155 2763 289 2817 Perfacile
307 2767 351 2818 est
368 2761 418 2818 tali
435 2762 543 2817 ratione
560 2762 701 2817 exsolvere
712 2758 796 2848 pobia

118 2855 205 2908 quare
222 2838 368 2894 fulmineus
386 2839 473 2893 multe
491 2839 658 2909 penetralior
674 2837 746 2905 igme

118 2930 202 2983 quam
220 2920 314 2969 noster
332 2917 392 2972 luat
409 2932 425 2969 e
443 2916 534 2970 taedis
551 2913 731 2969 terrestribus
748 2912 833 2963 ortus.

119 2989 212 3045 dicere
230 2991 303 3046 enim
320 2992 409 3062 possis
428 2992 574 3046 caelestem
594 2989 714 3043 fulminis
731 2986 822 3052 ignem

119 3067 249 3136 suptilem
267 3068 354 3136 magia
371 3084 388 3121 e
405 3068 497 3137 parvis
514 3069 641 3120 constare
658 3062 752 3129 figuris
935 3063 973 3102 ³⁸⁶
1015 3114 1019 3122 ,

105 3145 204 3212 atque
221 3142 285 3198 ideo
303 3144 421 3197 transire
439 3141 572 3196 foramina
588 3154 658 3208 quae
675 3134 773 3202 nequit
789 3129 859 3196 ignis
