2190 3398
564 42 618 101 ΙΙΙ
959 29 1014 118 ,Sl

161 147 237 202 adde
255 145 331 216 quod
348 146 377 199 in
393 143 486 215 nigras
503 146 622 215 lethargi
640 148 775 215 mergitur
792 146 887 201 undas.

196 223 244 278 Nil
257 223 343 291 igitur
354 239 428 276 mors
440 227 483 276 est
494 222 531 276 ad
542 239 592 276 nos
603 239 694 292 neque
705 222 828 291 pertinet
839 222 933 292 hilum,
981 238 1018 278 sao

161 298 388 370 quandoquidem
406 303 504 352 natura
521 298 604 353 animi
621 297 745 353 mortalis
763 297 890 353 habetur.

161 381 191 430 et
207 376 285 429 velut
302 378 429 429 anteacto
446 375 485 428 nil
502 378 627 444 tempore
645 374 874 442 sensimusaegri‚
917 398 939 438 ῃ
975 434 978 439 ,

161 452 198 506 ad
216 451 418 520 confligendum
435 452 607 506 venientibus
624 450 748 520 undique
766 450 873 516 Poenis,
959 448 964 456 '

162 528 254 581 omnia
270 544 332 582 cum
349 526 415 581 belli
433 527 542 596 trepido
560 544 691 582 concussa
708 526 831 581 tumultu

161 603 275 658 horrida
291 607 483 658 contremuere
500 603 552 657 sub
570 603 634 658 altis
651 602 772 658 aetheris
789 603 853 672 oris,
981 618 1018 658 aas

161 680 190 734 in
208 679 347 748 dubioque
364 679 441 733 fuere
457 683 584 734 utrorum
602 679 638 733 ad
656 696 741 747 regna
758 678 913 734 cadendum
1003 702 1006 709 ·

161 755 288 810 omnibus
304 756 430 813 humanis
447 759 521 810 esset
539 760 668 825 terraque
686 755 816 825 marique,

161 833 208 900 sic,
225 832 273 886 ubi
289 849 343 901 non
361 832 471 899 erimus,
487 828 549 886 cum
567 832 688 901 corporis
705 837 790 899 atque
807 830 907 886 animai

162 908 309 963 discidium
325 908 410 962 fuerit
427 908 527 978 quibus
545 925 561 963 e
579 924 674 962 sumus
690 908 783 962 uniter
801 908 866 976 apti,

161 984 267 1038 scilicet
277 983 352 1037 haud
363 980 442 1038 nobis
454 984 608 1053 quicquam,
621 985 669 1053 qai
680 1000 735 1037 non
747 984 848 1038 erimus
859 986 927 1051 tum,
981 998 1018 1036 sao

162 1061 289 1116 accidere
299 1060 409 1114 omnino
426 1060 530 1129 poterit
547 1076 711 1128 sensumque
728 1077 845 1128 movere,

163 1153 217 1191 non
234 1137 259 1192 si
275 1139 351 1191 terra
367 1137 438 1191 mari
454 1135 615 1191 miscebitur
632 1139 662 1190 et
680 1152 755 1190 mare
773 1136 855 1190 caelo.

163 1212 234 1267 etsi
251 1212 307 1266 iam
324 1215 418 1266 nostro
435 1211 523 1266 sentit
541 1211 707 1280 decerpere
723 1216 870 1282 postquam

164 1290 325 1343 distractast
342 1287 426 1352 animi
443 1290 543 1341 natura
560 1286 871 1357 animaeque'potestas‚

163 1365 201 1418 nil
218 1368 312 1419 tamen
330 1363 427 1418 estad
444 1380 494 1417 nos
512 1363 560 1431 qui
578 1367 689 1432 comptu
706 1364 885 1433 coniugioque
982 1377 1019 1418 sao

163 1440 285 1510 corporis
302 1445 386 1510 atque
404 1439 511 1494 animae
528 1439 702 1494 consistimus
718 1440 810 1494 uniter
827 1440 892 1509 apti
967 1464 970 1468 ⁴

163 1534 222 1584 nec,
240 1517 263 1570 si
281 1517 423 1570 materiem
441 1519 564 1570 nostram
581 1515 723 1585 collegerit
739 1519 816 1579 aetas

163 1596 227 1662 post
244 1591 351 1646 obitum
368 1608 532 1660 ausumque
549 1592 690 1661 redegerit
707 1595 740 1647 ut
757 1593 810 1646 sita
826 1609 899 1648 nunc
917 1595 961 1647 est
1003 1615 1005 1619 ¹

163 1673 248 1738 atque
265 1669 367 1722 iterum
383 1667 462 1721 nobis
478 1668 581 1722 fuerint
598 1669 664 1722 data
680 1668 783 1722 lumina
799 1669 880 1737 vitae,

162 1746 303 1814 pertineat
315 1745 460 1813 quicquam
472 1748 564 1798 tamen
577 1745 614 1798 ad
625 1761 674 1798 nos
683 1744 712 1798 id
724 1761 834 1814 quoque
845 1745 956 1814 factam,
982 1758 1019 1799 soe

161 1821 318 1890 interrupte
334 1819 418 1874 semel
437 1836 499 1873 cum
517 1821 554 1874 sit
571 1821 725 1890 repetentia
743 1821 838 1875 nostri.
1006 1822 1007 1825 ’

163 1901 193 1952 et
210 1915 282 1953 nunc
299 1897 337 1951 nil
353 1897 390 1951 ad
407 1913 458 1950 nos
475 1896 511 1950 de
528 1897 608 1951 nobis
625 1898 731 1963 attinet,
749 1901 814 1952 ante

162 1973 212 2044 qui
227 1973 334 2039 fiamus,
351 1990 439 2041 acque
456 1973 511 2047 iam
529 1973 564 2027 de
581 1973 635 2027 illis
650 1990 701 2027 nos
718 1973 813 2028 adficit
823 1977 921 2042 angor.

163 2067 228 2104 nam
245 2066 308 2103 cum
325 2050 586 2118 respicias'inmensi
603 2047 736 2118 temporis
754 2067 835 2105 omne

163 2126 345 2196 praeteritum
363 2126 491 2195 spatium,
509 2129 575 2180 tum<
587 2130 684 2200 motus
696 2126 821 2180 materiai
983 2139 1019 2180 85⁵

163 2201 333 2256 multimodis
351 2218 434 2270 quam
452 2202 515 2268 sint,
533 2201 612 2256 facile
629 2201 682 2256 hoc
697 2202 849 2256 adcredere
867 2200 960 2271 possis,
1004 2238 1007 2242 -

164 2276 270 2332 semina
288 2293 370 2346 saepe
386 2278 415 2331 in
433 2277 538 2345 eodem,
554 2274 589 2332 nt
604 2278 676 2331 nunc
694 2281 766 2345 sunt,
784 2279 880 2332 ordine
898 2281 978 2347 posta

115 2371 151 2406 aa
164 2352 234 2408 haec
251 2352 356 2419 eadem,
374 2353 474 2422 quibus
492 2368 508 2406 e
525 2370 596 2407 nunc
613 2369 663 2407 nos
681 2370 783 2422 sumus,
800 2353 974 2409 antefuisse.
1006 2393 1007 2397 η

115 2449 152 2482 sss
163 2446 216 2484 noc
233 2427 348 2482 memori
366 2427 507 2484 tamen'id
525 2430 633 2498 quimus
650 2430 871 2499 repraehendere
888 2434 991 2497 mentm

163 2505 237 2559 inter
254 2504 326 2559 enim
344 2504 442 2559 iectast
459 2505 628 2573 vitaipausa
646 2522 769 2574 vageque
879 2558 882 2564 ,
982 2521 1019 2561 seo

164 2581 330 2655 deerrarunt
346 2581 448 2650 passim
466 2585 557 2636 motus
574 2580 753 2643 absensibus
771 2597 871 2636 omnes.

163 2656 250 2712 debet
267 2656 348 2724 enim,
366 2654 466 2712 ramere
484 2657 508 2711 si
524 2658 597 2712 forte
614 2674 749 2726 aegreque
766 2657 939 2726 futurumst·
1005 2682 1007 2688 ·

162 2734 224 2803 ipse
242 2749 350 2803 quoque
368 2750 429 2788 esse
445 2734 473 2787 in
491 2748 524 2787 eo
541 2737 601 2788 tum
618 2737 751 2802 tompore,
769 2734 813 2787 oui
830 2733 902 2788 male
919 2734 1007 2803 possit

162 2809 295 2883 accidere.
314 2809 345 2864 id
362 2809 491 2879 quoniam
508 2826 583 2865 mors
600 2810 703 2876 eximit,
722 2825 838 2878 esseque
855 2808 955 2878 probet

116 2903 152 2937 ru
163 2885 242 2940 illam
255 2885 303 2940 cui
320 2881 426 2956 possint
442 2885 615 2939 incommoda
631 2884 776 2958 conciliari,
981 2886 1018 2953 sas

165 2962 236 3016 scire
253 2961 317 3016 licet
334 2956 412 3016 nobis
429 2960 467 3014 nil
485 2976 546 3015 esse
563 2962 592 3013 in
610 2965 700 3014 morte
717 2958 871 3023 timendum
886 3009 907 3018 ,,
955 2954 959 2962 ’
1001 3008 1005 3015 ,

164 3054 216 3092 nec
233 3036 364 3091 miserum
381 3036 442 3091 fieri
459 3036 579 3104 quinon
596 3038 640 3088 est
655 3049 735 3100 posse
751 3048 840 3097 neque
856 3031 956 3083 hilum.

164 3114 279 3169 differre
295 3114 355 3168 isne
372 3112 429 3166 ullo
446 3109 531 3164 fuerit
548 3108 604 3161 ianr
621 3111 746 3174 tempore
763 3109 851 3167 natus,

171 3191 201 3237 10
