2138 3404
98 213 154 268 quo
170 196 258 263 magis
274 200 416 250 aeternum
434 191 471 247 (lu
489 192 579 260 dictis,
596 191 667 253 dira.
686 191 813 259 letiorem

98 274 175 328 effiee
190 275 222 327 ut
240 272 345 325 interea
363 269 421 324 iera
438 285 565 323 ursonem
583 267 688 321 militiai

98 361 149 414 per
165 346 251 400 maria
267 362 299 399 ae
317 351 406 399 terres
423 345 511 398 omnis
528 345 616 413 sepita
634 344 781 411 quieseant

98 437 162 477 nam
180 427 211 477 tu
229 422 287 476 sola
304 426 383 510 petes
401 420 551 489 tranquilla
568 437 634 489 pace
651 420 745 473 iurare

99 498 230 566 mortalis,
248 497 376 567 quoniam
395 495 460 550 belli
479 497 537 550 seru
553 512 682 568 moenera
699 495 809 549 Mavors

99 574 266 644 armipotens
284 573 391 641 regit,
383 589 411 626 m
429 572 564 641 gremium
583 572 630 640 qui
648 588 730 641 mepe
749 579 827 626 tuum
846 587 877 627 se

99 651 180 704 reieit
196 654 311 704 aeterno
328 648 453 703 devictus
471 648 582 702 vulnere
600 649 702 705 amoris

100 730 184 795 atque
201 725 242 779 ita
259 725 409 794 suspiciens
427 726 510 779 tereti
528 725 634 779 cervice
651 727 762 794 reposta

99 801 188 872 pascit
206 817 298 855 amore
316 800 411 854 avidos
428 801 535 855 inhians
552 800 581 854 iu
598 804 636 867 te,
654 800 713 865 dea,
730 800 812 867 risus,

100 894 171 947 eque
189 879 238 931 tuo
254 877 358 945 pendet
375 877 498 947 resupini
516 877 631 947 spiritus
648 893 703 932 ore.

101 950 173 1008 hune
189 956 229 1020 tu,
247 953 318 1020 diva,
336 957 385 1007 tue
402 952 578 1008 recubantem
597 969 709 1021 eorpore
727 956 822 1006 saneto

100 1029 264 1084 circumfusa
281 1030 369 1097 supe'r,
386 1029 477 1083 suavis
494 1046 530 1084 ex
547 1046 596 1084 ore
613 1029 747 1097 loquellas

100 1106 185 1160 funde
202 1109 300 1175 petens
316 1104 452 1173 placidam
470 1106 607 1171 Romanis,
625 1105 734 1171 incluta,
753 1121 856 1175 paoem.

100 1199 163 1237 uanr
181 1199 270 1252 neque
287 1198 337 1235 nos
354 1198 437 1249 agere
453 1182 505 1237 hoe
521 1182 620 1252 patriai
638 1186 762 1250 tempere
780 1181 877 1249 iniquo

101 1275 245 1329 possumus
262 1275 349 1328 aequo
366 1257 456 1312 anime
474 1274 525 1312 nee
543 1258 656 1311 Memmi
675 1258 748 1311 elam
765 1273 889 1327 propago

100 1335 203 1390 talibus
219 1336 248 1389 in
266 1335 349 1390 rebus
366 1333 501 1388 communi
520 1333 600 1388 desse
617 1334 706 1389 saluti.

101 1427 180 1460 ΟΠΝΕΒ
194 1427 253 1460 nam
268 1428 312 1459 Piill
326 1427 353 1459 ΒΕ
366 1425 446 1459 DIVUM
458 1424 558 1459 NATURA
571 1426 700 1460 messam

101 1497 237 1531 monum
251 1497 315 1530 AEVO
326 1496 413 1530 SUUM
427 1496 480 1530 CUM
493 1497 553 1530 PAGE
566 1497 681 1531 norrun

101 1562 195 1595 SHOTA
205 1565 238 1596 ΑΒ
250 1563 348 1596 NOSTRIS
361 1562 439 1595 nnus
452 1562 621 1602 samaraeus
634 1564 715 1597 LONGF.

102 1629 157 1662 Mil
168 1630 272 1663 salvara
286 1631 397 1662 DOIDREM
410 1631 472 1663 ΟΜΝΙ
486 1631 592 1663 retvers
605 1631 711 1664 PERIOMS

100 1697 155 1732 im
169 1698 222 1730 sets
235 1698 338 1731 POLIAENS
351 1699 437 1732 OPIBUB
450 1699 524 1732 mula
534 1699 623 1731 lamen
636 1699 719 1733 NOS'PR!

103 1764 151 1798 lire
165 1764 228 1797 BENE
241 1764 387 1798 rnonnm'rra
395 1766 501 1800 onmes
513 1767 748 1801 decrementum

512 1820 527 1853 ἢ*

104 1860 179 1929 qued
197 1864 329 1930 superest,
346 1878 443 1916 vacuas
460 1862 535 1916 auris
552 1863 727 1932 animumque
745 1852 870 1933 eamearn

104 1940 239 1991 semotum
257 1954 275 1990 a
291 1938 363 1992 euris
381 1938 482 1992 adhibe
500 1955 594 1992 reram
611 1939 648 1993 ad
665 1940 807 2007 rationem,

104 2029 139 2066 ne
156 2030 218 2066 mea
235 2012 307 2067 dena
324 2013 376 2068 tibi
394 2013 486 2068 studio
503 2014 627 2085 disposta
644 2015 728 2081 fideii,

102 2088 244 2144 intellecta
260 2090 335 2157 prius
353 2107 436 2160 quam
453 2091 516 2158 sint,
533 2095 692 2160 contempta
710 2093 853 2163 relinques

103 2182 166 2219 nam
185 2165 236 2219 tibi
255 2166 291 2219 de
309 2183 414 2220 summa
431 2167 500 2221 caeli
517 2167 623 2222 ratione
641 2168 778 2238 deumque

104 2241 241 2298 disserere
259 2244 385 2313 incipiam
404 2247 433 2298 et
450 2260 542 2298 reram
560 2243 710 2313 primordie
728 2246 855 2314 pandam,

105 2321 179 2374 unde
197 2321 284 2373 omnis
301 2325 400 2374 natura
416 2324 493 2374 ereet
509 2336 554 2374 res
572 2323 665 2377 auctet
682 2321 792 2390 alatque

105 2412 193 2466 qrrove
211 2395 308 2449 eadem
325 2413 434 2449 nusum
451 2401 551 2450 natura
567 2401 711 2466 perempte
728 2398 855 2466 resolvat,

105 2488 177 2541 quae
194 2488 244 2525 nes
262 2473 405 2525 materiem
422 2475 452 2526 et
468 2472 598 2540 genitalia
615 2489 728 2542 corpora
745 2473 827 2528 rebus

105 2548 250 2602 reddunda
265 2549 294 2601 in
312 2549 418 2602 ratione
434 2565 532 2602 vocare
550 2552 580 2602 et
596 2550 700 2603 semina
717 2567 808 2605 rerum

105 2625 243 2693 appellare
261 2629 370 2678 suemus
387 2628 417 2679 et
434 2624 501 2678 haee
519 2624 615 2679 eadem
632 2642 765 2695 usurpare

105 2717 220 2771 corpora
236 2700 333 2770 prime,
352 2700 425 2764 quod
443 2718 478 2754 ex
496 2700 550 2754 illis
568 2703 632 2755 sunt
650 2702 741 2757 omnia
756 2701 862 2772 primis.
884 2764 888 2775 x

142 2777 271 2830 Humane
289 2781 353 2831 ante
371 2777 462 2831 oeulos
479 2776 560 2830 foede
577 2793 638 2830 eum
656 2778 833 2843 uiuesceret
904 2822 910 2833 .

107 2853 135 2904 in
152 2852 235 2903 terris
253 2867 383 2918 oppressa
399 2852 476 2918 gravi
495 2850 546 2904 sub
563 2851 694 2919 religione

108 2941 179 2991 quae
196 2927 280 2989 eaput
297 2940 314 2975 a
330 2924 397 2976 caeli
414 2925 572 2992 regionibus
588 2927 752 2982 ostendebat

108 2996 234 3049 horribili
252 3012 334 3068 super
351 3003 463 3064 aspectu
479 2999 639 3053 mortalibus
655 3002 767 3068 instans,

111 3071 229 3138 primum
248 3061 348 3122 Graius
363 3069 470 3127 homo
463 3073 585 3125 urortalis
600 3075 697 3130 tollere
715 3082 811 3132 eontra

112 3147 157 3197 est
174 3143 266 3195 oeulos
284 3158 366 3195 ausus
382 3146 462 3211 prim
467 3163 541 3212 ..sque
559 3146 692 3204 obsistere
709 3156 811 3218 eontra,
