2138 3404
514 129 581 182 xxiii

117 264 121 271 ’
170 273 222 322 alo
257 266 595 341 prouranLechrnaunus
610 267 696 321 mitti.
708 268 806 321 melius
819 270 912 321 tumen
924 284 972 322 ex·

115 354 217 409 cidisse
235 367 345 405 versum
361 350 504 404 constituit
523 351 670 405 Goebelius
687 351 744 405 obs.
764 352 870 404 Lueret.
888 368 914 420 p.
930 357 972 405 25.

115 441 240 508 loquitur
264 437 336 491 enirn
361 440 445 507 poeta
464 437 500 491 de
523 438 676 491 incredibili
700 439 797 493 horum
827 455 971 507 corporum

115 524 266 579 celeritate.
288 539 384 578 versus
408 527 553 592 sequentes
583 524 700 578 Gellium
735 528 765 579 et
794 525 914 579 Nonium
943 524 971 577 in

116 614 217 680 quarto
228 610 299 664 libro
315 610 414 678 legisse
430 613 536 663 certum
549 613 592 664 est
606 622 657 665 neo
673 611 788 666 dubium
804 628 865 666 esse
878 614 971 681 potest

116 697 184 766 quin
202 713 249 750 eos
264 699 322 750 aut
344 697 403 764 ipse
426 698 570 780 poetaeut
593 697 698 767 primus
722 697 814 752 editor
837 697 888 751 hoe
912 697 971 750 loco

115 784 247 855 posuerit.
270 783 412 838 fatendum
436 786 593 837 esttamen
616 784 647 837 in*
662 784 733 838 libro
755 788 841 852 sexto,
865 784 913 837 ubi
934 783 969 837 ad

115 871 240 925 litteram
254 869 399 939 iterantur,
414 869 451 923 ad
465 869 517 923 loci
536 870 699 924 sententiam
712 887 860 940 rerumque
873 886 970 925 conex-

115 974 165 1011 um
177 956 263 1010 multo
274 955 533 1011 accommodatiores
545 971 615 1010 esso.

171 1049 222 1097 229
240 1046 270 1096 et
288 1043 332 1097 hio
353 1046 382 1097 et
405 1042 434 1095 in
452 1045 530 1096 sexte
551 1040 621 1095 libro
645 1041 801 1096 necessario
820 1041 970 1095 servandus

115 1129 236 1184 videtur.
254 1129 321 1183 dicit
331 1133 414 1198 poeta
425 1145 475 1182 nos
491 1127 628 1182 sentiendi
639 1128 694 1183 vim
706 1132 840 1198 perpetuo
859 1127 969 1197 habere,

116 1221 146 1273 et
160 1217 250 1286 licere,
263 1218 286 1271 si
300 1217 424 1284 velimus,
440 1214 531 1269 omnia
547 1231 655 1284 semper
671 1232 784 1270 cernere
803 1219 856 1270 eet.
885 1215 970 1269 Lach-

114 1302 209 1357 mauni
220 1303 347 1372 rationes,
360 1302 408 1370 qui
420 1302 491 1355 hune
504 1318 614 1356 versum
632 1302 719 1371 eiecit,
731 1318 818 1371 paene
834 1301 970 1355 absurdae

114 1392 187 1444 sunt.
210 1388 303 1442 dicere
319 1387 392 1441 enim
411 1402 461 1440 nos
478 1389 612 1455 perpetuo
628 1390 658 1441 et
676 1402 785 1454 semper
800 1386 890 1439 omnia
909 1402 969 1440 sen-

113 1477 177 1543 tire,
190 1474 317 1544 desipere
328 1475 378 1527 est.

168 1567 220 1615 245
231 1560 295 1614 libri
307 1574 392 1614 eoem.
428 1559 618 1614 Lachmannus
630 1564 720 1613 curet.

168 1652 217 1705 271
232 1650 262 1701 et
274 1648 324 1705 278
336 1663 386 1716 pro
398 1661 472 1701 unns
484 1646 589 1700 frustra
601 1645 791 1700 Lachmannus
803 1653 877 1717 sarit,
889 1648 960 1702 bene.

168 1739 219 1789 284
231 1749 281 1804 pro
299 1748 331 1787 ru
348 1748 409 1787 nun
427 1732 522 1802 scripsi
535 1733 569 1786 in
580 1733 663 1787 idem.
700 1732 792 1787 hausit
810 1733 843 1787 id
858 1750 968 1802 praeec-

113 1817 185 1872 dens
202 1818 257 1883 ὀνκ
276 1816 376 1872 deinde
395 1835 430 1872 ex
441 1834 485 1872 em
497 1817 563 1872 lenit
577 1817 705 1873 librarius
724 1835 796 1873 eam.
831 1823 926 1876 contra
938 1836 969 1876 1v

115 1908 184 1960 1037
197 1903 229 1956 in
243 1901 345 1957 excidit
356 1905 420 1971 post
431 1902 471 1956 id.
495 1902 689 1958 ‘Lachmannus
701 1904 818 1959 iterum.

167 1995 218 2044 290
232 1988 422 2043 Lachmannus
432 2005 487 2042 non
498 1993 573 2043 reete
585 1994 648 2059 post
664 1994 715 2048 270
728 1991 879 2048 collocavit.
915 1992 968 2047 cel-

111 2078 171 2131 lato
183 2077 256 2131 eninr
270 2081 319 2135 107
332 2080 447 2146 apparet
465 2077 609 2131 simulacra
620 2078 663 2132 vel
676 2078 817 2148 imagines,
829 2096 883 2133 non
895 2079 968 2149 ipsas

112 2179 166 2229 res,
180 2161 352 2231 speculorum
365 2180 400 2216 ex
411 2178 531 2238 aequore
549 2163 668 2218 reddere
680 2165 775 2219 visum.
811 2166 906 2233 itaque
917 2182 968 2234 pro

112 2262 188 2301 nnis
206 2262 280 2308 Qatnu
297 2263 429 2302 annerum
441 2248 537 2317 scripsi
549 2249 609 2304 illic
621 2264 694 2316 quor
707 2250 835 2303 reddent.

168 2338 218 2387 303
231 2332 420 2387 Lachmaunus
432 2341 483 2387 aut
494 2337 566 2403 ante,
576 2351 626 2403 ego
639 2350 701 2388 cum
713 2333 852 2388 veteribus
864 2351 895 2388 ee
905 2341 968 2404 post

112 2433 167 2473 sss
179 2418 283 2473 addidi.

166 2509 266 2559 ale—6
278 2503 342 2558 libri
354 2519 428 2558 urna
438 2506 590 2560 Gourruuo.
611 2507 800 2564 Lachmannus
811 2517 880 2580 uter,
888 2512 968 2566 Aere

111 2589 255 2644 continuo.
291 2590 389 2644 melius
401 2591 564 2659 Bernaysius
575 2608 627 2646 aer
641 2593 718 2661 Ater,
730 2595 872 2648 continuo.

167 2674 236 2729 Post
248 2680 298 2732 397
311 2692 365 2729 non
378 2675 475 2730 dubito
488 2678 553 2745 quin
565 2676 645 2731 huius
656 2678 715 2733 fere
726 2679 801 2731 modi
813 2695 909 2733 versus
920 2698 967 2735 ex-

112 2757 222 2828 ciderit,
234 2760 348 2814 Fallere
358 2778 438 2828 saepe
449 2762 584 2815 animum
595 2764 689 2816 simili
701 2762 813 2816 ratione
831 2763 966 2820 videmus.

113 2843 170 2897 Pro
182 2859 374 2906 nxrnurrsoun
387 2846 575 2900 Lachmannus
586 2864 641 2901 non
653 2848 724 2902 bene
736 2854 833 2903 exteret
847 2867 937 2919 esque.

166 2935 218 2985 418
235 2947 298 2985 oum
310 2932 354 2986 ed.
368 2933 440 2988 Iunt.
459 2938 489 2988 et
501 2934 634 2988 Lambino
652 2938 717 2989 ente
736 2936 851 2990 videare
870 2938 966 2990 addidi

112 3021 154 3083 eet,
167 3015 243 3085 quod
261 3015 300 3070 ibi
317 3017 445 3072 facillime
462 3019 589 3073 excidere
606 3019 704 3087 potuit.
740 3019 841 3073 deiude
852 3025 903 3071 419
915 3036 966 3085 pro

112 3117 250 3172 eouronn,
259 3105 335 3174 quod
345 3109 427 3159 nocet
436 3105 594 3171 sententiae,
606 3109 695 3157 cetere
702 3124 714 3168 ;
728 3108 758 3158 et
769 3120 819 3172 pro
835 3116 966 3155 uranunn

113 3187 210 3255 scripsi
228 3189 369 3243 mirando.
404 3206 461 3243 rem
477 3205 529 3242 uon
552 3188 688 3240 intellexit
703 3186 890 3239 lraclrmannus
908 3180 964 3247 qui,

992 3300 1065 3380 A
