2190 3398
89 111 128 170 92
472 109 547 166 IIlI

86 214 161 285 quod
177 214 339 270 iaculentur.
356 217 387 269 et
404 214 457 269 hoc
474 214 542 269 alias
559 230 622 268 curn
639 215 766 283 pervenit
783 214 812 268 iu
828 232 883 282 res,

87 290 197 359 transit,
214 294 247 345 nt
264 291 292 345 in
310 290 405 360 primis
424 291 533 345 vitmm.
550 291 600 346 sed
617 289 665 345 ubi
682 307 780 361 aspera
798 307 865 346 saxa

88 371 138 421 aut
156 367 183 421 in
201 369 344 422 materiam
362 367 430 436 ligni
448 368 581 437 pervenit,
598 366 638 420 ibi
655 367 709 422 iam

86 443 223 498 scinditur
239 447 272 498 ut
290 443 396 497 nullum
414 443 589 498 simulacrum
607 442 725 497 reddere
742 444 836 513 pessit.

86 522 117 573 at
135 536 198 574 cum
217 518 362 589 splendida
379 536 450 588 quae
468 522 594 574 coustant
612 522 729 589 opposta
746 521 859 575 fuerunt
906 538 946 576 mo

87 594 232 664 densaque
244 598 277 649 ut
289 596 316 648 in
329 596 426 664 primis
438 595 579 663 speculum
592 598 643 663 est,
654 595 693 648 nil
704 595 806 650 accidit
817 596 926 652 horum.

86 687 151 725 nam
162 687 259 741 neque,
271 670 313 724 uti
325 670 435 739 vitrum,
447 671 521 739 potis
532 672 577 725 est
588 671 714 739 transire,
726 687 814 740 neque
825 675 921 727 autem

87 746 188 813 scindi;
206 763 289 815 quam
306 747 430 801 meminit
447 746 523 800 levor
539 749 681 816 praestare
700 747 824 807 salutem.

87 826 256 892 quapropter
273 822 305 876 iit
322 826 355 877 ιιι
372 822 435 876 hine
453 821 530 875 uobis
549 821 694 876 simulacra
710 821 874 878 redundent

86 901 117 952 ct
134 899 257 967 quamvis
274 898 364 952 subito
382 896 478 965 quovis
495 897 523 951 in
541 900 666 966 tempore
684 913 820 966 quamque
906 913 944 954 ιιι
1027 938 1030 942 ⁸

87 990 146 1028 rem
163 977 260 1028 contra
278 974 418 1043 speculum
435 989 528 1042 ponas,
547 976 664 1043 apparot
680 973 785 1041 imag03
1091 986 1092 993 ¹

86 1053 221 1120 perpetuo
240 1050 374 1104 fluerent
391 1066 487 1104 noscas
504 1066 521 1104 e
539 1066 653 1120 corpore
672 1065 777 1104 summo

88 1130 215 1181 texturas
232 1142 325 1181 rerum
342 1125 596 1194 tenuis‘tenuisquc
614 1125 722 1194 figuras.

88 1219 155 1272 orgo
172 1202 260 1257 multa
276 1201 354 1256 brevi
372 1202 461 1272 spatio
479 1201 623 1256 simulacra
640 1204 786 1270 genantur,

88 1283 121 1333 ut
138 1279 237 1334 mersto
255 1278 328 1332 celer
344 1272 386 1331 his
404 1278 486 1333 rebus
504 1276 612 1331 dicatur
631 1278 712 1345 origo.
905 1291 945 1331 rao

89 1359 118 1409 et
136 1355 213 1424 quasi
231 1355 319 1409 multa
334 1354 411 1408 breui
430 1354 517 1423 spatio
536 1354 708 1407 summittere
726 1351 811 1406 debet

88 1430 189 1486 lumina
207 1431 247 1484 sol
264 1434 297 1485 ut
314 1434 448 1500 perpetuo
466 1430 521 1484 siut
539 1430 629 1483 omnia
646 1429 733 1498 plena,

88 1507 127 1562 sic
145 1507 180 1562 ab
199 1507 282 1561 rebus
300 1506 367 1562 item
386 1506 467 1561 simili
486 1507 592 1560 ratione
609 1509 748 1560 necessest

88 1585 220 1653 temporis
236 1584 265 1637 in
283 1587 386 1653 puncto
404 1599 496 1637 rerum
514 1581 657 1635 simulacra
674 1582 797 1635 feruutur
827 1642 830 1648 ¹
865 1643 868 1647 ἱ

87 1659 173 1713 multa
190 1659 278 1712 modis
296 1659 389 1714 multis
406 1659 434 1712 in
452 1661 564 1714 cunctas
581 1657 703 1726 undique
720 1657 822 1727 partis3
904 1673 942 1713 ros

87 1734 308 1804 quandoquidem
327 1734 468 1806 speculum
485 1750 656 1802 quocumque
674 1733 841 1787 obvertimus
858 1734 923 1801 oris,

86 1827 131 1864 res
148 1810 187 1863 ibi
205 1810 372 1879 respondent
390 1810 470 1865 simili
487 1810 574 1863 forma
592 1813 676 1878 atque
694 1808 790 1864 colore.

122 1885 282 1956 [Praeterea
298 1887 380 1941 modo
399 1903 461 1940 cum
478 1886 563 1940 fuerit
579 1885 760 1954 liquidissima
777 1885 845 1939 caeli

87 1966 245 2033 tempestas,
263 1979 396 2031 perquam
416 1963 506 2017 subito
524 1963 557 2015 iit
575 1961 687 2016 turbida
705 1961 792 2028 foede,

85 2039 205 2108 undique
222 2038 264 2093 uti
282 2039 412 2094 tenebras
429 2038 516 2093 omnis
535 2037 697 2092 Acherunta
714 2038 800 2091 rearis
904 2051 943 2093 iro

85 2116 197 2185 liquisse
214 2118 243 2170 et
261 2132 374 2184 magnas
392 2115 461 2169 caeli
479 2113 630 2184 complesse
647 2129 784 2168 cavernas

85 2210 171 2262 usque
189 2192 259 2247 adeo
276 2196 367 2247 taetra
385 2191 539 2245 nimborum
557 2193 637 2244 nocte
655 2193 749 2244 coorta

83 2269 236 2339 inpendent
254 2273 331 2323 atrae
348 2266 500 2322 formidinis
518 2283 566 2320 ora
584 2283 717 2336 superue3

85 2361 201 2413 quorum
217 2344 351 2413 quantula
367 2359 432 2414 pars
451 2343 487 2397 sit
504 2342 594 2410 imago
613 2342 706 2396 dicere
723 2346 831 2396 nemost

84 2419 131 2489 qui
149 2420 342 2490 possitneque
360 2435 421 2473 cam
439 2419 573 2473 rationem
591 2419 709 2473 reddere
727 2417 829 2487 dictis]
903 2432 941 2473 ιιι

120 2496 200 2550 Νιιιιο
218 2512 276 2564 age,
294 2513 375 2565 quam
394 2494 476 2549 colori
493 2498 571 2548 motu
589 2494 734 2549 simulacra
750 2494 875 2548 ferantur

85 2575 114 2626 et
132 2589 202 2640 quae
221 2572 358 2626 mobilitas
377 2571 437 2624 ollis
454 2570 628 2625 tranantibus
646 2588 727 2625 auras

84 2648 195 2703 reddita
212 2649 256 2717 sit,
274 2649 354 2716 longo
373 2648 463 2716 spatio
480 2651 513 2700 ιιι
530 2646 620 2701 brevis
637 2647 706 2700 hora
724 2650 838 2713 teratur,

83 2724 112 2777 iu
130 2741 210 2791 quem
230 2740 355 2793 quaeque
373 2722 463 2777 locum
481 2723 589 2777 diverso
606 2723 725 2776 momine
743 2722 868 2788 tendrurt
1091 2742 1092 2755 ι

84 2799 228 2852 suaridicis
245 2800 337 2866 potius
355 2815 437 2865 quam
454 2798 549 2852 multis
565 2797 690 2851 versibus
708 2797 805 2863 edam;
868 2758 1092 3023 ἰρζμ

84 2886 184 2936 parvus
202 2875 234 2924 ut
252 2880 295 2925 est
312 2873 387 2939 cycni
405 2873 503 2926 melior
521 2889 610 2938 canor,
627 2873 674 2927 ille
691 2889 790 2941 gruum
808 2888 891 2942 quam
1091 2906 1092 2909 =

84 2943 187 2993 clamor
203 2944 231 2994 iu
248 2945 379 2998 aetheriis
397 2947 538 3014 dispersus
555 2946 674 3001 nubibus
692 2949 785 3003 austri

83 3014 217 3080 principio
234 3031 367 3085 persaepe
385 3018 453 3072 levis
470 3038 515 3076 res
532 3025 616 3091 atque
633 3023 747 3077 miuutis

84 3085 242 3151 corporibus
259 3088 346 3142 factas
364 3091 461 3145 celeris
478 3095 543 3150 licet
560 3113 621 3150 esse
638 3097 740 3152 videre.

83 3157 113 3209 in
129 3173 183 3218 quo
199 3159 253 3210 iam
270 3176 372 3224 gauere
389 3169 433 3219 est
451 3169 515 3222 solis
532 3170 579 3225 lux
597 3167 631 3226 et'
644 3158 891 3243 ceponium*
