2176 3404
82 141 239 196 diminuunt
256 141 394 210 radiisque
410 145 540 196 retexens
557 141 697 195 aetherius
709 141 762 209 sel,
781 176 804 183 ·-
830 162 834 172 ·
881 164 886 181 ³
911 166 916 171 ·

81 218 184 289 partim
195 217 276 286 ,quod
293 223 389 285 supter
405 234 456 286 per
474 221 564 271 terras
582 216 687 270 diditur
705 217 800 271 omnis.

81 294 239 364 percolatur
256 294 327 347 cuim
346 294 419 346 virus
437 296 567 362 retroque
585 296 710 347 remanat

81 371 212 425 materies
229 370 331 423 umoris
349 372 378 422 et
395 369 432 423 ad
449 374 532 438 caput
549 369 673 424 amnibus
691 370 777 423 omnis
904 387 945 429 no

81 447 213 512 convenit,
230 446 294 499 inde
312 462 394 515 super
411 448 501 500 terras
517 445 579 499 fluit
596 446 704 514 agmine
721 446 795 500 dulci

82 540 137 591 qua
154 523 289 589 vip'scota
307 521 390 574 semcl
409 520 512 590 liquido
529 520 602 591 pede
621 521 722 575 detulit
738 521 834 575 undas.

117 601 193 654 Aera
209 614 281 653 nunc
297 597 381 666 igitur
399 598 488 651 dicam
507 597 555 665 qui
571 614 684 666 corpore
701 599 762 652 toto

80 671 316 728 inunmerabiliter
332 674 424 742 privas
441 678 566 728 mutatur
584 674 611 728 iu
630 673 719 727 horas.

81 767 189 819 semper
200 750 279 815 enisu
292 749 483 818 quodcumque
495 749 556 804 fluit
567 749 604 803 de
615 750 704 817 rebus,
717 749 746 803 id
757 765 839 803 omne
901 763 942 804 275

80 827 151 880 acris
168 827 197 879 in
213 842 343 893 magnum
360 826 450 881 fertur
467 842 558 892 mare;
576 826 622 893 qui
639 826 692 880 nisi
709 828 806 879 contra

81 919 203 972 corpora*
214 901 349 956 retribuet
366 901 450 956 rebus
466 905 628 970 recreetque
645 902 763 970 fluentis,

80 979 170 1032 omnia
186 979 241 1032 iam
258 978 379 1037 resoluta
394 979 485 1032 forent
503 982 532 1032 et
549 978 577 1031 in
595 995 660 1032 aera
676 995 762 1032 versa.

79 1055 147 1109 haut
163 1056 248 1124 igitur
265 1057 354 1109 cessat
371 1054 446 1122 gigni
464 1054 500 1108 de
517 1054 601 1108 rebus
618 1057 648 1108 et
664 1055 693 1108 iu
710 1070 755 1108 rcs

80 1131 225 1200 reccidere,
241 1117 357 1184 adsidue
375 1129 502 1198 quoniam
519 1130 605 1185 fluere
622 1131 713 1184 omnia
729 1133 845 1187 constat.
895 1147 938 1186 aar

115 1208 220 1276 Largus
237 1207 306 1261 item
320 1206 419 1275 liquidi
436 1206 497 1260 icus
514 1207 630 1272 luminis
647 1207 785 1261 aetherius
802 1207 851 1275 sol,

79 1284 179 1351 inrigat
196 1283 310 1337 adsidue
328 1283 432 1336 caelum
442 1282 568 1337 candore
584 1284 689 1337 recenti

79 1360 293 1429 suppeditatque
310 1376 380 1413 nevo
398 1359 539 1412 confestim
556 1359 659 1413 lumine
676 1360 776 1413 lumen.

78 1437 277 1505 namprimum
296 1435 424 1504 quicquid
442 1431 554 1501 bulgaris
572 1434 688 1503 disperit
705 1438 738 1503 ci,

78 1529 249 1580 quocumque
260 1511 366 1565 acczdit.
378 1511 407 1563 id
418 1510 482 1564 licet
492 1510 556 1563 binc
569 1527 731 1578 cognoscere
742 1512 838 1580 poesie,
894 1528 943 1585 aas.

77 1587 152 1654 quod
169 1588 298 1642 simulac
314 1587 433 1655 primum
450 1587 538 1641 nubes
555 1587 701 1641 succedere
719 1588 768 1641 soli
825 1610 828 1613 Δ

78 1680 192 1731 coepere
209 1668 238 1717 ct
255 1663 347 1716 radios
365 1663 438 1718 iuter
455 1662 533 1730 quasi
550 1678 678 1732 rumpere
697 1664 770 1730 lucis,

78 1738 217 1807 extemplo
234 1739 346 1792 inferior
362 1756 427 1808 pars
444 1738 541 1792 horum
560 1738 676 1808 disperit
693 1740 781 1794 omuis

78 1819 207 1882 terraque
224 1814 397 1868 inumbratur
415 1831 470 1884 qua
485 1815 571 1868 nimbi
589 1832 706 1884 cumque
723 1817 864 1883 feruntur3

76 1895 120 1945 ut:
126 1906 222 1944 noscas
232 1889 384 1957 ¹splendore
402 1908 471 1945 novo
489 1907 534 1945 res
552 1907 661 1960 semper
677 1908 760 1958 egere
892 1908 933 1948 mo

78 1973 107 2023 ct
124 1967 242 2039 primum
259 1966 362 2020 iactum
380 1967 494 2036 fulgoris
512 1984 647 2036 quemque
664 1967 756 2036 perire

77 2062 127 2100 uec
145 2044 251 2098 ratione
268 2043 322 2097 alia
339 2061 384 2099 rcs
401 2060 482 2112 posse
498 2043 527 2097 in
545 2043 601 2097 sole
620 2043 714 2113 videri,

76 2124 210 2191 perpetuo
227 2121 258 2173 ni
270 2121 433 2190 'suppeditet
451 2120 520 2174 lucis
536 2124 621 2189 caput
638 2120 735 2189 ipsum.

77 2199 143 2267 quin
160 2198 244 2252 etiam
262 2197 394 2251 nocturna
411 2195 470 2264 tibi,
488 2196 632 2250 terrestria
649 2213 720 2266 quac
737 2200 808 2265 suut,

75 2275 182 2339 tur-mina
200 2273 353 2344 pendentes
370 2273 460 2341 lychni
477 2272 620 2342 claraeque
637 2273 755 2326 coruscis
891 2289 932 2330 ase

74 2350 229 2420 fulguribus
245 2349 362 2418 pingues
378 2350 465 2403 multa
483 2350 596 2418 caligine
613 2349 712 2403 taedae
808 2388 810 2392 -

75 2426 206 2480 consimili
223 2429 372 2494 properant
389 2427 503 2493 ratione,
522 2428 619 2479 ardore
637 2425 768 2493 ministro,

75 2502 253 2573 suppeditare
269 2517 368 2555 novom
385 2502 484 2570 lumen,
502 2505 622 2556 tremere
639 2501 749 2569 ignibus
765 2503 877 2570 instant,

73 2579 185 2645 instant,
203 2594 260 2631 nec
273 2576 333 2632 loca
350 2577 396 2631 lux
413 2578 486 2632 inter
504 2578 582 2646 quasi
599 2582 681 2646 rupta
698 2577 836 2645 relinquit.

72 2654 247 2724 usqueadeo
264 2657 444 2721 properanter
462 2653 496 2707 ab
514 2653 638 2708 omuibus
655 2652 764 2722 ignibus
781 2654 808 2706 oi
890 2668 930 2710 seo

74 2732 188 2783 exitium
205 2728 287 2781 celeri
304 2729 409 2782 colatur
427 2730 531 2797 origine
549 2730 681 2783 flammae.

74 2803 215 2867 sicigitur
233 2803 317 2855 solem
335 2803 426 2857 lunam
445 2805 592 2874 stellasque
609 2804 791 2873 putandumst

53 2917 57 2921 .
74 2890 109 2925 ex
126 2875 179 2925 alio
196 2879 287 2941 atque*
297 2877 349 2929 alio
367 2878 455 2932 lucem
473 2881 576 2934 iactare
594 2880 709 2934 subortu

9 3216 51 3332 Ι

73 2949 103 2995 et
119 2946 238 3011 primum
256 2950 388 3016 quicquid
404 2952 574 3009 flammarum
591 2956 709 3025 perdere
727 2972 851 3025 scmpcr;

73 3016 238 3100 inviolabilia
253 3020 320 3074 haec
338 3040 373 3075 ne
390 3030 487 3081 credas
503 3030 576 3084 ferte
593 3031 691 3097 vigere
889 3025 928 3092 uos

108 3086 232 3153 Demque
249 3106 303 3144 non
316 3095 424 3161 ¹lapides
441 3118 549 3170 quoque
565 3106 639 3170 uinci
654 3107 743 3173 cernis
760 3107 797 3161 ab
814 3126 890 3177 aero,
