2190 3398
530 81 584 141 ΙΙΙ
942 86 979 145 75

126 194 211 260 utque
227 188 381 243 loreminul
398 186 568 243 multimodis
584 189 617 240 ut
633 203 745 241 noscero
763 189 850 256 possis

125 266 302 336 dispertitam
319 264 426 319 enimse
443 267 570 318 uenirem
588 262 679 317 exisse
695 280 746 332 per
763 267 842 318 artus

125 347 159 397 et
171 342 250 411 prius
266 358 328 396 esse
345 340 398 395 sibi
416 340 576 395 distructum
593 356 705 408 corpere
722 339 751 393 in
768 340 836 409 ipso,
945 356 982 395 seo

126 436 208 489 quum
226 418 354 487 prolapsa
370 418 443 472 fores
461 420 557 471 enaret
574 417 603 469 iu
620 417 691 471 ueris
708 432 796 471 emus.

126 496 192 565 quin
210 495 296 550 etiem
312 494 375 547 finis
392 493 459 547 dum
475 492 550 548 vitoe
567 496 685 547 vertitur
702 493 784 560 intro,

127 588 209 640 saepe
227 570 320 639 ulique
336 573 429 624 tomen
446 585 463 623 e
480 585 561 624 causo
578 568 713 624 labefacto
729 569 840 624 ridetur

125 648 167 701 ire
184 647 276 701 anima
292 662 325 700 oe
342 649 401 700 toto
419 645 488 699 solui
507 644 543 699 de
560 661 674 713 corporo
692 646 757 699 relic

12 746 13 749 ¹
125 726 157 777 et
173 723 252 792 qussi
270 738 398 791 supremo
415 721 591 789 languescere
608 725 733 790 tempore
750 721 842 777 voltus
945 735 980 775 ses

125 800 272 868 molliaque
290 799 421 866 exsangui
439 805 540 852 trnuco
557 798 656 852 cedere
673 799 764 852 omniu
780 797 910 853 membro

125 877 200 946 quod
218 893 305 944 genus
322 879 372 938 est,
391 875 481 929 animo
498 875 569 929 mele
587 875 689 929 luctum
707 891 768 928 cum
785 874 946 944 perhibetur

125 956 174 1007 out
190 953 309 1006 animum
327 952 454 1020 liquisse3
471 950 518 1005 ubi
536 952 591 1005 ium
610 951 766 1019 trepidatur
782 954 812 1005 et
829 967 922 1005 omnes

126 1036 280 1082 extremum
298 1028 411 1096 cupiunt
428 1028 502 1081 vitae
519 1027 738 1095 repmeheudere
755 1027 880 1081 vinclum.

124 1108 321 1173 conquassatum
339 1105 488 1158 onimium
506 1120 583 1157 mens
601 1103 761 1173 animaeque
778 1106 901 1172 potestus
945 1118 982 1157 uo

125 1183 214 1235 omnis
230 1185 260 1235 et
277 1180 344 1235 haee
361 1181 420 1248 ipse
437 1197 499 1235 eum
517 1196 631 1249 corpore
648 1180 847 1246 conlabefiunt5

125 1261 159 1312 ut
175 1258 285 1326 gratim
301 1257 383 1327 paulo
400 1257 487 1325 possit
503 1256 653 1312 dissolvere
669 1274 758 1312 ceusu

125 1333 195 1403 quid
213 1333 323 1388 dubitus
339 1333 453 1387 tandem
471 1334 536 1401 quin
555 1336 635 1387 extro
651 1333 761 1403 prodito
778 1349 877 1404 corpus

122 1409 250 1464 inbecillo
266 1410 339 1463 lorus
356 1409 386 1462 iu
404 1413 508 1478 operte,
526 1409 651 1475 tegmine
669 1409 789 1478 dempto,

122 1502 178 1539 nou
196 1486 278 1539 modo
294 1502 349 1540 non
367 1502 475 1539 onmem
493 1485 579 1554 pessit
597 1485 698 1540 durare
715 1502 766 1555 per
782 1503 885 1555 aevom,
943 1502 979 1540 eos

124 1561 176 1616 sed
193 1562 335 1616 minimum
354 1562 470 1631 quodvis
489 1564 608 1630 nequent
626 1563 774 1617 consistere
792 1565 917 1633 tempusi

123 1654 175 1692 nec
193 1638 244 1691 sibi
262 1638 334 1691 enim
353 1638 495 1707 quisquam
514 1636 632 1691 moriens
650 1638 753 1693 sentiro
770 1640 881 1694 videtur

122 1714 166 1767 ire
183 1714 256 1768 forus
272 1715 389 1768 animem
406 1714 568 1769 incolumem
586 1714 622 1767 de
639 1731 752 1783 corpore
770 1719 830 1770 toto

123 1807 176 1843 uec
193 1790 270 1859 prius
287 1790 323 1843 od
340 1790 463 1859 iugulum
481 1793 510 1844 et
528 1806 628 1858 supero
646 1791 792 1847 succedere
810 1793 909 1861 fauces,

122 1882 221 1919 verum
238 1867 356 1920 delicere
373 1866 402 1920 in
419 1869 497 1920 cortu
513 1867 624 1934 regione
642 1867 772 1933 locatam
943 1884 980 1923 oro

122 1948 158 1995 ut
175 1958 271 1996 sensus
287 1942 355 1996 ulios
372 1942 401 1996 in
419 1942 493 2012 parti
511 1959 648 2012 quemque
666 1960 715 1998 suo
732 1945 783 1999 scit

123 2017 246 2072 dissolui.
264 2019 337 2087 quod
355 2018 379 2073 si
397 2018 549 2072 inmortalis
566 2022 661 2074 nostre
679 2020 752 2074 foret
768 2037 853 2089 meus,

121 2111 178 2147 ιιοιι
196 2097 253 2147 torn
270 2111 300 2147 se
318 2095 436 2149 moriens
454 2094 565 2148 dissolvi
583 2101 805 2164 conquereretur,

121 2169 175 2224 sed
193 2170 279 2238 magis
296 2172 337 2225 ire
354 2171 426 2224 loros
444 2174 606 2241 vestemque
624 2172 785 2242 relinquere,
802 2178 834 2227 ut
851 2173 955 2242 anguis.

159 2246 284 2314 Denique
301 2262 350 2300 cur
366 2247 448 2301 animi
467 2263 616 2316 numquam
633 2265 711 2302 mens
727 2249 923 2318 consiliumque
941 2263 978 2303 mo

119 2321 246 2390 gignitur
262 2322 290 2375 in
307 2323 397 2391 eapite
412 2327 461 2377 eut
479 2323 596 2393 pedibus
613 2325 780 2393 manibusve,
798 2325 849 2379 sed
866 2326 928 2381 uuis

120 2397 236 2452 sedibus
253 2402 284 2453 et
300 2400 382 2454 certis
399 2400 515 2453 hominis
533 2401 689 2469 regionibus
706 2402 810 2468 haeret,

120 2473 146 2527 si
164 2490 218 2527 non
235 2478 312 2529 certe
329 2476 388 2532 loeo
404 2478 441 2531 ed
458 2478 624 2532 noscendum
642 2478 752 2533 reddite
769 2479 867 2548 cuique

121 2553 196 2618 sunt,
214 2553 244 2604 et
260 2550 307 2604 ubi
326 2553 456 2622 quiequid
474 2556 561 2623 possit
578 2555 679 2610 durare
696 2559 819 2612 creatum

121 2627 209 2694 etque
225 2625 265 2679 itu
282 2627 450 2684 multimodis
468 2632 579 2700 partitis
596 2632 711 2686 artubus
728 2650 796 2698 esse,
942 2647 979 2687 uso
1083 2630 1084 2633 ’

121 2700 308 2757 membrorum
326 2709 358 2759 ut
375 2723 523 2775 numquam
543 2708 645 2762 existat
662 2714 856 2777 praeposterus
873 2709 960 2767 ordol

121 2778 299 2845 usqueadeo
318 2782 445 2850 sequitur
462 2798 506 2835 res
524 2801 582 2837 rem
600 2801 689 2853 neque
707 2785 816 2839 flumme
833 2787 920 2841 creari

122 2852 281 2908 fluminibus
297 2856 404 2911 solitast
423 2874 512 2926 nequo
530 2859 558 2912 in
576 2859 633 2927 igni
650 2860 757 2927 gignier
774 2861 856 2930 olgor.

18 3002 21 3007 Ι
160 2928 309 2986 Praeterea
326 2933 349 2986 si
366 2932 519 2988 inmortalis
536 2937 635 2989 natum
652 2936 778 2991 animaist

122 3008 154 3059 et
171 3007 274 3060 sentire
291 3013 383 3075 potest
400 3014 507 3064 secrete
523 3025 541 3062 a
558 3026 672 3078 corpore
688 3014 790 3075 nostro,
941 3028 976 3064 oss

122 3082 253 3151 quinque,
263 3087 297 3137 ut
307 3084 411 3152 opinor,
423 3101 484 3138 eom
495 3084 653 3136 faciundum
666 3087 710 3135 est
721 3084 847 3137 sensibus
858 3087 976 3137 auctum.

122 3174 175 3214 neo
192 3158 300 3213 mione
316 3159 371 3214 eliu
387 3162 497 3213 nosmet
513 3173 665 3225 proponere
681 3156 760 3208 nobis
