2138 3404
518 82 573 119 XXV

120 198 294 252 animantia
328 216 392 253 nam
407 200 436 252 in
452 200 585 269 singulari
603 218 717 256 numero
729 202 819 256 utitur
831 203 977 258 Lucretius

121 283 261 337 adieetivo
272 284 419 351 animalis,
432 285 603 339 substantivo
615 285 729 340 animal
739 303 793 339 non
805 287 899 340 utitur.

175 373 223 428 741
243 387 294 439 pro
313 370 446 425 librorum
470 387 537 433 nour
560 388 651 434 aneon
671 387 793 426 nonnus
814 387 883 427 casn
900 362 975 426 nolui

120 475 184 512 cum
197 452 373 527 Lachmanno
383 459 450 527 eqni
460 476 527 513 caca
538 465 622 528 arcae
633 441 760 514 trenciani
773 459 900 514 scribere.

176 548 224 600 761
249 558 300 611 pro
322 559 447 597 nnnnrm
470 558 535 598 vrrs
558 545 662 614 optime
682 545 846 615 Bernaysius
865 544 976 601 rellicta

120 628 188 683 cita.
223 629 298 684 idem
310 627 375 684 ante
387 647 450 684 eum
462 632 608 687 coniecisse
620 632 731 687 videtur
742 633 781 707 'Is
792 632 914 700 Vossius,
927 631 974 701 qui

119 714 149 769 in
172 717 296 785 margine
317 718 480 787 exemplaris
505 719 570 774 edit.
591 720 681 789 Fabri,
703 721 778 790 qnod
802 737 889 790 nuper
912 735 974 773 meo

118 817 184 856 nere
195 802 297 871 paravi,
309 802 376 857 haec
388 803 543 874 adscripsit,
557 805 682 859 ‘Relicta
694 807 754 859 nito
772 805 864 858 malim
880 808 974 859 77111711

120 887 244 941 Reddita
264 888 355 942 media
378 888 514 957 producta
534 892 566 943 ut
586 889 748 945 Salmasins‘.
784 876 974 944 Lachmannus

119 972 245 1026 Reddite
254 989 310 1040 pro
323 973 389 1028 vita.

173 1060 414 1128 respecturum
432 1074 547 1114 oonnrsr
566 1061 662 1130 scripsi
675 1068 777 1116 77777777
789 1061 877 1116 cordi.
914 1078 971 1117 sae

118 1145 231 1212 pissime
243 1145 417 1200 membranae
429 1146 480 1200 hoc
490 1152 516 1200 ct
528 1147 615 1201 alieno
627 1164 722 1202 versus
733 1148 792 1202 loco
804 1152 916 1218 ponunt.

173 1233 230 1287 795.
268 1230 385 1285 Frustra
403 1231 454 1286 hoc
470 1232 612 1286 contendit
624 1233 822 1302 Lachmannns,
834 1233 863 1287 in
879 1234 972 1289 verbis

118 1323 243 1385 tempore
257 1322 288 1372 tn
301 1335 358 1372 uno
369 1319 509 1387 Tempora
521 1320 613 1373 multa
624 1320 718 1389 latent,
730 1321 805 1374 ratio
818 1337 889 1389 quac
900 1338 972 1374 com-

116 1403 196 1470 perit
212 1419 265 1457 csse
283 1404 448 1458 sententiam
466 1404 618 1473 perfectam
631 1408 661 1458 et
672 1405 825 1459 absolutam
840 1404 971 1459 concludi.

116 1507 182 1544 nam
199 1491 369 1559 ineptissime
386 1491 454 1545 haec
472 1491 637 1558 dicerentur,
649 1491 703 1545 nisi
719 1499 841 1560 tempore
860 1491 894 1545 777
912 1509 971 1546 nno

116 1576 272 1630 accuratius
288 1576 458 1632 definiretur.
495 1592 581 1655 quare
597 1580 646 1634 775
666 1576 775 1645 scripsit
792 1577 971 1647 777771777ιεί-

116 1667 328 1735 br'li...tcmporc
345 1667 379 1720 in
395 1684 461 1721 ano.
498 1683 609 1735 prorsus
627 1667 700 1739 idem
715 1666 836 1720 inversu
849 1666 970 1735 7956111-

117 1752 193 1807 ribus
213 1752 304 1806 verbis
325 1753 422 1808 effecit.
458 1771 522 1807 narn
540 1756 670 1822 corrupta
688 1753 755 1807 haec
769 1753 969 1808 (tonsuramus

116 1855 148 1893 1n
166 1853 216 1893 usu
236 1854 294 1893 cun
314 1854 369 1894 vox
387 1855 543 1894 nnmmrus
561 1854 619 1892 nnn
633 1839 672 1892 sic
688 1839 786 1893 leniter
798 1837 970 1892 emendanda

116 1930 183 1992 sunt
199 1929 273 1983 Cum
296 1928 434 1982 sentimus
458 1929 497 1995 id,
516 1935 541 1996 ct
564 1946 630 1983 cum
653 1945 705 1982 noc
731 1926 876 1981 emittitur
901 1943 969 1979 unc.

115 2006 285 2066 Lachmanni
300 2012 435 2066 rationem
456 2012 615 2079 intellegere
634 2028 688 2065 non
707 2028 824 2083 pessum,
844 2009 892 2078 qui
908 2025 969 2062 ver-

115 2113 178 2149 sum
197 2095 243 2161 sic⁴
254 2100 390 2150 mutatum
405 2097 488 2161 Quod
504 2096 642 2152 sentimus
657 2095 747 2163 idest,
761 2111 781 2148 c.
794 2111 818 2147 c.
830 2110 849 2147 e.
863 2111 890 2146 77.
903 2094 968 2146 ante
1060 2122 1061 2127 =

36 2216 39 2221 <
115 2184 167 2238 783
181 2181 319 2247 transfert.

168 2270 220 2319 823
232 2281 282 2333 pro
293 2280 390 2320 mussa
403 2265 585 2333 scribendum,
594 2232 740 2330 nisiiallor,
749 2260 859 2315 acerris.
866 2258 968 2326 pagina

113 2352 255 2421 archetypi
270 2356 326 2418 171,
339 2370 410 2423 quae
421 2353 475 2408 fuit
489 2354 518 2406 in
533 2353 633 2406 dextra
649 2347 767 2403 schedae
781 2349 868 2416 parte,
885 2346 968 2400 desiit

114 2439 143 2491 in
160 2441 313 2517 versu827.
335 2454 399 2491 casu
411 2438 501 2506 aliquo
516 2441 575 2491 tres
592 2439 733 2491 extremae
747 2432 858 2487 litterae
870 2448 967 2486 versus

114 2528 167 2577 826
179 2539 251 2591 mus,
264 2526 293 2577 77
305 2526 430 2577 extrema
441 2523 523 2578 huius
531 2538 626 2577 versus
638 2526 688 2575 823
701 2519 875 2590 aperierunt.
890 2517 967 2571 dein·
1060 2514 1061 2537 ;

26 2618 30 2625 ’
114 2609 152 2662 de
163 2624 199 2661 ex
211 2623 282 2676 quea
293 2608 373 2661 facile
385 2610 477 2661 ortum
490 2610 534 2662 est
545 2607 602 2674 cia,
614 2623 649 2660 ex
661 2605 750 2660 7777717·
762 2607 856 2656 autem
869 2601 965 2654 inesco.
1060 2604 1061 2623 ¹

167 2699 227 2761 836,
247 2699 396 2761 7777771111
411 2698 506 2762 aptum
528 2709 636 2747 sensum
654 2688 795 2762 praebeat,
811 2685 885 2740 nolui
904 2701 965 2741 cum

114 2779 403 2834 Lachmannonatnm
415 2779 541 2834 seribere.
714 2773 716 2777 ’

167 2873 218 2923 862
230 2884 288 2936 sqq.
299 2866 421 2920 oratione
430 2866 527 2920 melius
539 2864 676 2931 distincta,
684 2859 774 2915 omnia
782 2859 863 2928 plana
876 2863 964 2914 crunt.

112 2955 208 3022 itaque
220 2952 268 3005 fini
283 2968 379 3006 versus
398 2957 449 3006 864
466 2950 560 3004 incisio
578 2953 693 3012 tantum,
711 2963 765 2999 non
782 2944 863 3012 plena
880 2943 964 2996 inter-

113 3038 226 3108 punctio
237 3037 397 3092 snbicienda
409 3041 459 3091 est,
480 3036 531 3089 hoc
545 3051 600 3088 non
616 3032 762 3095 intellecto,
775 3028 964 3081 Lachmannus

114 3127 208 3236 8633et
220 3128 271 3178 864
283 3121 459 3190 transposuit.
