2138 3404
546 110 577 168 Ι.
960 113 978 173 7

125 212 203 268 unde
220 213 338 268 animale
354 229 442 282 genus
459 214 639 283 generatim
630 232 659 269 ιιι
677 214 780 269 lumina
796 215 871 271 vitae

109 288 258 343 redducit
274 289 378 358 Venus,
395 293 445 344 aut
461 289 628 347 redductum
646 290 762 346 daedala
777 290 861 346 tellus

125 354 268 420 uffaiit
286 368 372 455 atque
389 371 474 435 auget
490 368 644 435 generatim
661 367 763 437 pabula
780 367 933 436 praebensl

124 443 201 496 unde
218 458 296 496 mare
293 443 451 518 ingenuei
468 443 559 497 fontes
578 447 747 513 externaque
765 443 842 512 large
946 459 983 499 mo

125 519 239 572 flumina
255 481 450 607 suppeditant?
440 514 541 574 tunde
558 519 655 574 aether
672 521 764 574 sidera
780 519 887 589 pasciti

126 594 218 649 omnia
236 594 308 649 enim
327 594 418 661 debet
436 588 547 670 mortali
564 612 679 665 corpore
697 613 768 666 quae
786 600 861 666 sunt,

125 671 235 724 infinita
251 673 328 724 aetas
345 664 507 740 consumpse
525 675 653 745 anteacta
671 671 792 741 diesque

126 747 242 816 qnod'
220 764 244 802 sr
261 747 290 800 in
307 763 340 802 eo
358 748 446 817 spatio
464 750 549 816 atque
566 738 694 803 anteacta
711 752 803 804 aetate
819 748 897 804 fuere

125 841 142 878 e
160 824 261 894 quibua
277 822 346 879 haec
362 840 456 878 rerum
473 824 600 879 consistit
617 842 723 881 summa
740 826 851 891 reiecta,
947 839 984 877 as

124 900 264 954 inmortali
282 904 346 954 sunt
362 905 463 955 natura
479 901 606 970 praedita
623 905 707 969 certe,

124 977 194 1032 liant
211 977 297 1046 igitur
312 980 427 1046 possunt
445 976 481 1031 ad
498 977 584 1031 nilum
602 994 727 1048 quaeque
744 978 855 1035 reverti

125 1052 245 1122 denique
263 1069 308 1107 ras
325 1053 413 1107 amnis
431 1048 530 1108 eadem
547 1053 588 1107 vis
606 1070 744 1123 causaque
760 1055 841 1125 volgo

125 1129 281 1198 conficeret,
299 1130 351 1183 nisi
368 1130 499 1184 materies
517 1133 631 1186 aeterna
647 1134 766 1198 teneret,

125 1207 199 1260 inter
217 1222 248 1261 sc
266 1223 339 1260 nexu
356 1206 446 1260 minus
464 1210 513 1260 aut
530 1207 615 1275 magis
633 1207 803 1277 indupedita
946 1221 984 1260 aro

125 1286 219 1336 tactus
238 1282 310 1335 enim
328 1281 378 1336 lati
395 1284 463 1337 satis
481 1287 555 1338 esset
572 1300 654 1337 causa
671 1283 803 1352 proiecto,
832 1286 851 1345 “i

126 1358 296 1428 quippo-ubi
314 1359 390 1413 nulla
406 1360 498 1413 forent
515 1363 627 1414 aeterno
644 1376 758 1428 corpore
776 1375 893 1428 quorum

125 1438 286 1489 contentum
304 1435 344 1488 vis
363 1435 480 1490 deberet
498 1436 648 1489 dissolvere
666 1451 799 1505 quaeque.

125 1514 157 1565 at
174 1528 253 1578 nunc,
270 1511 344 1566 inter
362 1528 392 1566 se
408 1512 475 1581 quia
492 1528 580 1566 nesus
597 1511 791 1581 principiorum
1067 1580 1068 1587 ἵ

125 1587 273 1641 dissimiles
290 1590 417 1643 constant
434 1592 601 1656 aeternaque
618 1587 748 1642 materies
765 1591 816 1654 est,
944 1604 974 1642 ιι·
1067 1592 1068 1651 i

125 1662 255 1718 incolumi
272 1668 416 1718 remanent
433 1681 479 1718 res
496 1681 618 1733 corpore,
637 1663 703 1716 dum
722 1663 789 1719 satis
806 1665 878 1720 acris

125 1739 168 1794 vis
186 1738 269 1811 clueat
284 1756 335 1809 pro
352 1743 414 1794 text
414 1757 466 1793 ura
482 1740 614 1810 utriusque
631 1743 749 1808 reperta
871 1742 878 1787 i

4 1815 225 1923 wssvhand·
219 1804 305 1884 igitur
322 1806 413 1869 redit
414 1815 452 1869 ad
469 1816 554 1869 nilum
572 1832 617 1870 res
634 1815 696 1881 ulla„
714 1815 764 1870 scd
781 1834 875 1872 omnes

126 1890 244 1946 discidio
260 1891 404 1946 redeunt
396 1908 425 1945 1n
443 1909 557 1961 corpora
573 1892 709 1948 materiai

126 1973 266 2038 postremo
283 1972 401 2036 percunt
417 1968 529 2035 imbres,
546 1968 593 2022 ubi
611 1984 658 2022 eos
674 1971 755 2038 pater
771 1968 869 2024 aether
943 1983 980 2026 ato
1067 1990 1068 1997 ¹

125 2045 155 2099 in
172 2044 307 2113 gremium
324 2044 420 2098 matris
437 2044 523 2099 terrai
541 2045 748 2114 praecipitavit3

126 2127 157 2175 at
174 2119 279 2174 nitidae
296 2123 413 2188 surgunt
429 2120 524 2193 fruges
541 2121 666 2189 ramique
684 2121 823 2175 virescunt

126 2196 277 2263 arboribus,
286 2199 422 2261 ,crescunt
439 2196 515 2266 ipsae
532 2197 647 2266 fetuque
665 2200 829 2265 gravantur3

126 2273 190 2327 hinc
206 2272 291 2327 alitui
306 2288 388 2342 porro
405 2277 530 2347 nostruin
547 2290 633 2340 genus
651 2277 735 2342 atque
752 2273 879 2339 seranum,

126 2350 191 2404 irinc
208 2347 294 2403 laetas
311 2347 505 2438 urbospneris
522 2349 620 2403 florere
638 2348 763 2403 videmus
942 2364 979 2403 ass

124 2424 346 2494 frondiferasque
363 2427 441 2480 novis
459 2425 553 2479 aribus
571 2442 669 2479 canere
686 2425 809 2494 undique
828 2424 924 2491 silvas3

125 2502 189 2557 hinc
206 2502 295 2556 fessae
312 2501 433 2570 pecudes
450 2501 544 2570 pingui
562 2518 613 2570 per
629 2502 730 2570 pabula
747 2501 822 2554 laeta

124 2594 240 2648 corpora
235 2568 399 2645 deponunt
416 2580 446 2632 et
462 2577 581 2632 οιιιάοιιι
598 2577 703 2633 lacteus
720 2594 799 2631 umor

104 2654 257 2710 ·nberibns
273 2657 368 2708 manet
385 2654 529 2719 distentis;
552 2654 614 2708 hinc
632 2670 702 2707 nova
719 2653 811 2723 proles

123 2730 241 2786 artubus
258 2730 373 2784 infirmis
390 2734 501 2783 teneras
518 2730 617 2784 lasciva
634 2747 685 2800 per
701 2728 803 2783 herbas
943 2743 979 2783 mo

71 2812 75 2817 '
122 2807 195 2862 ludit
212 2806 379 2875 mnqmero
396 2809 502 2860 mentes
519 2806 646 2875 perculsa
662 2805 789 2859 novellas.

122 2876 197 2940 haud
215 2882 300 2953 igitur
314 2883 427 2952 penitus
444 2886 561 2952 pereunt
579 2897 768 2952 quaecumque
785 2881 921 2951 videntur,

123 2960 235 3050 quaudo
253 2959 310 3013 alid
328 2976 371 3020 cx.
370 2959 434 3013 alio
452 2959 542 3013 reficit
559 2963 659 3013 natura
675 2974 726 3012 nec
742 2958 827 3011 ullam

122 3053 182 3091 rom
197 3036 274 3107 gigni
293 3036 397 3104 patitur
413 3035 465 3088 uisi
483 3038 573 3088 morte
590 3033 686 3088 adiuta
703 3020 797 3086 aliena.

157 3112 184 3169 N
186 3129 239 3168 unc
255 3129 314 3182 nge,
334 3129 378 3166 ras
396 3110 523 3180 quoniam
540 3109 622 3164 docui
638 3125 692 3162 non
709 3124 790 3175 possa
807 3104 895 3159 creari
940 3112 977 3151 2⁰⁶

122 3188 160 3303 dc
176 3187 233 3247 nilo
248 3203 349 3261 aeque·
356 3188 426 3243 rtem
441 3186 549 3254 genitas
566 3183 604 3237 nd
620 3184 659 3236 nil
675 3181 803 3244 revocari,
