2190 3398
538 74 574 131 ΙΙ
952 76 994 136 dd

129 176 284 246 tangimuq
297 174 371 229 haud
388 175 443 229 ullo
461 178 593 231 sentimus
611 179 699 234 tincta
709 180 816 235 colore.
850 205 854 209 ’
883 187 899 195 ”
917 228 922 239 .

131 251 354 321 quodquoniam
370 252 450 311 vinco
467 253 535 322 fieri,
552 271 623 319 nunc
640 271 701 308 esse
718 255 823 312 docebo

85 354 119 387 m
133 345 168 388 ea
186 329 300 381 ineunte
318 344 385 382 aevo
402 324 476 383 nullo
494 331 638 384 coniuncta
655 332 753 386 colore.

85 404 222 458 momnis
239 404 311 458 enim
329 405 403 459 color
420 406 529 459 omniuo
546 410 670 462 mutatur
686 409 714 461 in
732 408 834 475 omniq

132 480 211 560 quod
227 482 317 536 faeere
334 480 408 535 haud
425 481 481 536 ullo
499 482 602 537 debent
618 484 769 553 primordia
785 488 875 554 pacto.

131 557 303 612 immutabile
320 559 393 621 enim
410 558 542 627 quiddam
560 575 689 629 superare
706 566 861 630 necessest,¹

132 651 169 688 uc
186 651 232 689 res
250 633 286 688 ad
298 629 387 689 ¹nilum
404 635 566 703 redigantur
582 636 708 690 funditus
725 653 825 692 omnes.

78 714 82 719 '
132 728 198 765 narn
216 711 406 780 quodcumque
425 712 480 764 suis
497 715 633 766 mutatum
651 712 750 766 finibus
767 714 832 782 exit,

131 787 261 842 continuo
278 787 330 858 hoc
346 804 422 841 mors
439 790 482 841 est
498 787 570 842 illius
589 788 664 856 quod
680 788 734 842 luit
751 793 823 844 ante.

131 864 249 935 proinde
266 864 357 918 colore
374 880 440 918 cave
457 865 600 932 contingas
617 865 720 919 semina
737 882 838 934 rerum,

131 933 168 993 ne'
185 939 237 994 tibi
254 956 299 995 res
316 940 432 994 redeant
449 939 486 993 ad
503 940 588 994 nilum
604 940 729 995 funditus
746 958 846 998 omnes

168 1016 318 1071 Praeterea
336 1016 358 1071 si
375 1015 450 1070 nulla
467 1015 564 1070 coloris
581 1017 725 1087 principiis
738 1021 782 1073 est
905 1079 908 1085 ,

131 1091 244 1146 reddita
260 1095 359 1146 natura
376 1096 406 1146 et
423 1092 506 1146 variis
523 1096 587 1146 sunt
604 1093 730 1162 praedita
747 1094 849 1162 formis,

132 1185 148 1222 e
165 1162 362 1236 quibus'omne
378 1185 466 1237 genus
483 1169 599 1236 gignunt
617 1170 776 1238 variantque
793 1170 897 1231 colores

131 1248 287 1315 propterea,
305 1246 396 1319 magni
413 1244 486 1314 quod
505 1245 591 1299 refert
608 1246 710 1300 semina
727 1263 850 1316 quaeque

132 1338 196 1375 cum
214 1321 312 1395 quibus
329 1325 358 1375 et
376 1320 449 1390 quali
467 1321 590 1390 positura
607 1322 797 1376 contineantur

132 1400 163 1451 ct
179 1414 249 1466 quos
264 1397 337 1452 inter
355 1414 385 1451 se
402 1397 471 1451 dent
488 1400 579 1450 motus
597 1397 791 1465 accipiantque,

132 1473 263 1543 perfacile
280 1472 420 1542 extemplo
437 1473 572 1527 rationem
590 1471 709 1526 reddere
726 1474 814 1542 possis

131 1567 182 1603 eur
199 1566 233 1603 ea
249 1566 319 1617 quae
336 1549 415 1616 nigro
432 1549 535 1603 suerint
551 1548 634 1617 paulo
650 1551 715 1603 ante
731 1549 830 1617 colore,
921 1611 924 1614 ,

131 1642 285 1699 marmoreo
303 1625 362 1680 fieri
379 1625 486 1694 possint
502 1623 626 1686 candorex
638 1628 767 1695 repente;

130 1705 164 1755 ut
181 1718 264 1771 mare,
281 1718 344 1756 curn
361 1702 452 1771 magni
469 1702 642 1755 commorunt
658 1717 777 1770 aequora
793 1705 876 1773 venti,

131 1779 251 1832 vertitur
267 1771 295 1831 in
312 1795 392 1832 canos
409 1777 538 1833 candenti
554 1793 694 1833 marmore
710 1777 815 1834 fluctus.

130 1853 225 1909 dicere
242 1855 314 1908 enim
331 1856 426 1924 possis,
442 1855 551 1923 nigrum
569 1854 650 1923 quod
666 1870 748 1926 saepe
764 1857 895 1927 ridemus,

130 1930 262 1985 materies
278 1931 326 1985 ubi
342 1932 480 2005 permixta
496 1934 540 1985 est
553 1929 630 1984 illius
650 1934 679 1985 et
696 1931 763 1985 ordo

130 2006 272 2077 principiis
283 2010 405 2062 mutatus
416 2010 446 2062 et
457 2006 554 2062 addita
565 2008 734 2077 demptaque
745 2009 888 2078 quaedam,
952 2025 990 2068 no

131 2084 260 2136 continuo
277 2083 307 2136 id
323 2083 383 2137 fieri
400 2087 433 2139 ut
450 2085 570 2140 caudens
586 2085 715 2141 videatur
732 2087 762 2138 ct
778 2084 877 2140 album.

131 2159 207 2226 quod
224 2159 250 2212 si
265 2158 397 2214 eaenrleis
414 2164 573 2216 constarent
590 2177 710 2231 aequora
726 2161 802 2230 pont‘

131 2234 287 2303 seminibus,
305 2236 380 2290 nullo
396 2240 508 2306 possent
525 2237 664 2291 albescere
680 2241 769 2307 pacto.

111 2300 195 2369 dum
212 2328 383 2382 quocumque
399 2313 481 2367 medo
498 2313 644 2384 perturbes
661 2313 770 2367 caerula
787 2329 858 2383 quac
876 2312 940 2378 sint,

129 2404 279 2456 numquam
291 2388 320 2441 iu
331 2405 512 2443 marmoreum
524 2394 639 2460 possunt
650 2390 769 2457 migrare
780 2390 935 2467 eolorcms
951 2406 1000 2457 7⁷5¹

130 2464 172 2517 sin
190 2463 344 2539 Qill‘l'ffl
361 2464 414 2521 alio
432 2469 496 2537 sunt
514 2466 617 2520 semina
633 2466 720 2533 tincta
737 2465 828 2519 coloro
911 2507 922 2525 ,

129 2556 201 2609 quae
218 2536 439 2597 marisbffi'ci'unt
456 2559 540 2596 unum
558 2559 710 2612 pummque
726 2542 851 2609 nitorem,
949 2541 951 2546 '

128 2619 162 2670 ut
180 2633 263 2684 saepe
280 2615 316 2670 er
333 2616 393 2671 aliia
410 2617 503 2671 somus
520 2618 655 2685 variisque
672 2617 767 2686 figuris

129 2691 249 2746 efficitur
265 2692 398 2762 qmddam
414 2693 579 2761 quadratum
598 2709 706 2763 unaque
723 2693 818 2761 figura,

128 2769 316 2838 conveniebat,
333 2765 365 2824 u't
381 2770 410 2824 in
427 2769 562 2838 quadrato
578 2769 714 2825 ceruimus
730 2780 791 2823 esse
951 2783 988 2826 rso

129 2844 275 2900 ‹lissimiles
291 2846 399 2912 formas,
416 2847 456 2900 ita
473 2862 585 2901 eernere
601 2846 629 2899 in
647 2859 765 2913 aequore
781 2845 860 2915 ponti

128 2925 179 2976 aut
196 2921 250 2976 alio
267 2923 295 2976 iu
313 2923 408 2992 quovis
425 2939 480 2976 uno
496 2938 620 2991 puroque
637 2920 728 2974 nitore

129 2997 277 3069 ‹bam-miles
293 2998 374 3067 louge
390 3000 464 3053 iuter
482 3013 512 3051 se
529 2997 671 3062 variosque
689 2995 800 3047 colores.

127 3078 275 3143 praeterea
290 3074 329 3129 nil
347 3075 469 3129 officiunt
486 3071 651 3138 obstantque
669 3071 772 3137 figurae

127 3151 275 3235 dissimiles
292 3168 347 3222 quo
364 3150 529 3228 quadratum
547 3146 635 3199 minus
653 3159 731 3221 onmc
749 3142 785 3193 sit
802 3141 896 3201 cutra;
950 3148 1002 3209 78⁶¹

1021 3280 1079 3362 Δ
