2138 3404
500 74 594 128 xxxvii

116 215 192 269 hunc
217 229 336 281 versum,
359 211 402 266 ita
426 211 576 265 formatum
609 208 762 264 Concidere
792 216 817 262 et
840 223 975 277 spumam

116 308 150 354 eet
161 316 187 369 q.
198 318 236 354 m.
248 317 287 353 m.
301 318 330 368 c,
343 284 406 368 pest
419 303 467 352 891
480 313 579 366 pamm
591 298 656 364 apte
668 293 811 348 collocavit
824 294 975 348 Lachman-

115 404 176 441 uus.

169 476 221 527 804
232 471 394 539 prodemus
410 468 475 523 libri
493 482 615 523 uouuus.
637 484 687 536 pro
697 467 849 533 fervidior
866 467 911 520 ris
927 465 974 519 ob-

115 556 214 624 longus
238 558 267 608 ct
292 553 358 608 Itali
383 568 507 607 susum
530 566 635 607 susus
671 552 824 620 quadratus
849 565 974 605 usuum

116 654 224 693 sucus.
248 656 310 693 cum
326 639 417 693 omnic
432 638 476 693 hic
489 637 671 693 incertissima
683 639 744 705 siut,
758 636 971 705 Lachmannum,

115 729 148 780 ut
159 741 210 794 per
221 729 288 791 erat
296 728 406 779 secutus
419 714 489 778 sunu
513 739 679 793 quamquam
691 722 766 776 haud
778 724 834 777 scio
845 739 881 777 cn
893 739 972 792 prae-

114 817 173 867 stet
185 812 260 883 quod
272 812 428 881 Madvigius
440 810 515 881 apud
528 811 706 865 Hemichsen.
724 810 759 864 de
772 810 898 880 Gotterp.
911 810 970 864 cod.

114 916 142 969 p.
154 902 189 956 37
207 898 330 967 coniecit,
342 900 384 952 At
401 916 421 951 c.
433 914 471 951 m.
485 897 606 950 doceam
617 895 774 964 pseroido
784 894 885 961 febris.
906 899 971 949 ante

115 1001 179 1038 cum
192 983 341 1038 Lambinus
352 984 479 1038 hominis
485 1000 516 1050 p.
522 983 643 1049 fiervida
653 982 753 1047 febris
784 983 971 1037 Wakefieldus

115 1069 217 1123 dorsus
223 1069 389 1137 pfercido,
401 1068 498 1121 corcis
514 1068 594 1119 Tum.
613 1066 822 1121 scribendumne
830 1068 970 1136 servidei,

114 1153 214 1209 nereis
231 1154 329 1208 Tum?

168 1244 220 1294 818
235 1239 298 1293 libn·
315 1226 467 1294 rectissime
483 1256 525 1294 uu.
561 1239 750 1296 Lachmeuuus
761 1259 801 1308 ee,
814 1243 861 1312 qui
873 1243 928 1298 ium
940 1243 969 1298 in

114 1328 277 1394 septemve}
290 1331 351 1381 octo
363 1328 429 1381 locis
442 1327 591 1382 senissimis
603 1334 629 1383 et
640 1316 788 1397 pro'etiam
801 1329 887 1384 eiecit.

169 1413 236 1466 Post
252 1418 303 1467 839
320 1413 453 1467 excidisse
469 1413 610 1483 archetypi
626 1413 754 1467 schedam
771 1403 988 1470 demonstravit

114 1497 524 1568 Iechmauuus,cuiuspurte1n
539 1499 625 1553 fuisse
642 1499 741 1553 statuit
758 1502 890 1568 quattuor
907 1498 968 1555 bre-

112 1584 159 1637 viu
179 1599 307 1636 versuum
326 1583 489 1652 fragmenta.
514 1601 549 1640 ex
564 1585 598 1639 iis
613 1583 665 1639 hcc
680 1589 757 1640 certe
775 1586 967 1641 Lucretianum

113 1667 233 1735 videtur,
257 1659 425 1732 Non'miici
437 1659 475 1722 ‘si
502 1669 618 1736 linquae
645 1677 758 1724 cerotum
780 1671 841 1724 siet
863 1689 968 1741 oroque

112 1759 235 1819 eonium,
243 1753 336 1806 Aereo
345 1769 414 1818 ooo,·
423 1760 507 1833 quem
515 1754 643 1807 tamenin
655 1759 782 1825 poemate
794 1758 967 1828 occupaverit

113 1837 210 1901 locum,
222 1854 272 1906 pro
284 1840 359 1891 certo
371 1837 425 1892 dici
437 1855 491 1893 nou
503 1843 603 1908 potest.

167 1928 219 1978 949
234 1922 299 1977 libri
316 1939 462 1979 scoceiu-
482 1918 646 1993 Bemsysius
655 1927 782 1994 proprii.
819 1928 967 1983 Lachman-

112 2024 166 2061 uus
177 2023 240 2061 cum
252 2006 294 2061 ed.
308 2008 382 2062 lunt.
390 2025 521 2077 propere.

167 2098 219 2148 899
242 2109 453 2162 processisses
473 2111 535 2149 cum
560 2096 709 2167 Beruaysio
731 2084 966 2169 scripsiiateotic.

114 2179 306 2234 Lachmenuus
318 2181 443 2248 tepentis.
842 2218 844 2223 -

168 2271 227 2320 909.
256 2282 306 2335 pro
318 2260 451 2321 librorum
463 2282 550 2322 oscus
564 2268 750 2324 Lachmennus
761 2271 813 2339 hic,
825 2273 857 2325 ut
873 2285 895 2323 11
907 2276 966 2339 387,

8 2394 9 2399 χ
113 2343 190 2390 ortu.

166 2423 262 2477 93501'.
276 2422 425 2478 edlviifi.

167 2513 227 2577 957,
247 2509 295 2578 qui
314 2509 342 2562 iu
364 2510 502 2564 codicibus
521 2518 572 2566 954
591 2513 722 2581 sequitur,
742 2513 772 2567 in
790 2514 862 2569 hunc
877 2516 965 2571 locum

113 2593 253 2675 transtuli.
283 2594 383 2649 deinde
397 2601 446 2650 953
459 2613 508 2665 pro
520 2613 725 2651 usssuuscuucu
742 2601 838 2669 scripsi
853 2608 966 2669 tempes-

113 2686 201 2744 tatem
219 2695 388 2750 proccessu
403 2688 517 2736 coortae.
546 2682 606 2737 iure
629 2700 673 2737 me
698 2684 738 2738 itu
761 2684 858 2738 fecisse
873 2702 966 2754 agnos

113 2767 227 2836 estqui
244 2783 306 2821 cum
315 2767 358 2820 his
370 2784 466 2821 versus
479 2774 546 2824 1098
559 2786 618 2840 sqq.
642 2787 805 2840 componere
816 2771 897 2827 volet.
933 2774 966 2829 cf.

113 2869 175 2908 ann.
188 2852 253 2922 phit
267 2853 344 2908 (iant
357 2868 369 2906 1
380 2870 406 2923 p.
420 2860 460 2910 41.
492 2857 698 2926 ‘tempestates’
717 2860 757 2915 ait
772 2858 862 2930 pects,
875 2863 966 2918 ‘terre

114 2945 144 2995 ct
163 2940 238 2995 ecel>
255 2944 376 3014 coortae,
393 2959 410 2997 a
428 2947 505 2999 terre
524 2944 554 2998 in
573 2946 686 3016 caelum,
705 2964 721 3001 e
737 2948 811 3001 melo
829 2950 858 3002 in
876 2953 966 3002 terras

114 3028 258 3083 venientes
270 3032 402 3100 saeviunt,
415 3035 445 3085 et
460 3047 522 3085 cum
538 3033 581 3085 his
597 3031 677 3086 simul
693 3033 818 3086 morbida
837 3033 884 3097 vis,
904 3049 965 3084 cum

114 3112 285 3167 extrinsecus
304 3132 320 3168 c
340 3115 422 3180 caclo,
443 3118 474 3168 ut
493 3114 580 3167 nubes
600 3114 777 3182 nebulaeque,
798 3114 964 3167 insinuatur‘.
