2176 3404
557 63 586 118 V
943 67 998 123 143

145 171 212 222 sunt
230 171 260 221 ct
277 167 355 235 larga
373 183 422 219 sue
440 166 498 220 sine
515 166 616 235 pabula
632 170 713 236 parta
730 167 831 237 labore,

142 254 216 313 qnae
236 244 333 297 damus
350 243 476 297 utilitatis
494 259 587 297 eornm
605 244 728 313 praemia
745 260 833 299 causa.
964 259 1001 302 ete

143 321 254 388 etquis
272 319 310 372 nil
328 319 424 372 horum
441 319 542 373 tribuit
559 323 665 387 natura,
682 336 732 373 nec
749 321 810 389 ipsa

145 400 245 466 sponte
264 413 314 449 sua
331 399 443 465 possent
460 399 493 449 ut
510 396 604 449 virere
621 413 671 449 nec
689 396 756 449 dare
774 397 854 451 nobis

143 472 294 526 utilitatem
313 472 430 540 aliquam
449 469 534 540 qnare
552 476 710 541 pateremur
727 489 822 526 cerum

142 549 282 618 praesidia
300 552 393 602 nostre
412 549 487 619 pasci
504 565 590 616 genus
608 565 721 616 esseque
740 552 839 616 tutum,

139 624 249 678 ‘scilicet
266 625 334 679 haec
352 624 412 678 aliis
429 625 549 694 praedae
566 625 696 692 lucroque
712 624 839 679 iacebant
965 637 1002 678 875

142 699 311 770 indupedita<
325 701 380 754 suis
397 701 525 754 tatalibus
543 700 633 753 emnia
650 699 753 768 vinclis,

144 776 232 831 donee
250 777 287 830 ad
304 776 447 830 interitum
464 793 550 844 genus
567 777 597 829 id
613 778 712 830 natura
729 777 843 844 redegit.

145 874 148 895 2
180 852 238 907 Sed
255 869 345 921 neque
364 852 493 906 Centauri
509 853 629 919 fuerunt,
648 869 699 906 nee
716 856 840 923 tempere
857 853 886 907 in
902 851 958 907 ullo

143 945 206 983 esse
224 932 330 997 queunt
348 928 451 997 duplici
468 933 567 983 natura
585 932 614 982 et
631 945 746 998 corpere
762 929 826 983 bine

143 1022 179 1059 ex
196 1005 355 1073 alienigenis
372 1004 501 1058 membris
520 1008 667 1074 compacta,
686 1008 810 1074 potestas
964 1018 1001 1058 see

143 1080 209 1135 hine
226 1081 301 1135 illinc
318 1081 412 1147 viaque
428 1083 461 1134 ut
471 1097 530 1165 pen
549 1085 593 1134 sat
611 1098 738 1155 parasse
755 1082 870 1149 petissit.

143 1156 174 1210 id
191 1156 257 1210 licet
274 1157 336 1210 hinc
354 1160 477 1226 quamvis
495 1157 588 1210 hebeti
606 1170 768 1225 cognoscere
785 1158 875 1211 carde.

143 1232 280 1302 principie
298 1233 400 1286 circum
418 1233 507 1287 tribus
525 1233 593 1287 actis
611 1228 727 1303 impiger
744 1234 821 1286 annis

144 1308 225 1362 fleret
243 1326 314 1376 ecus,
332 1326 401 1378 puer
418 1309 635 1378 hautquaquam
652 1326 715 1362 nam
734 1325 816 1378 saepe
833 1309 916 1362 etiarn
927 1325 999 1363 nuuc

143 1384 232 1438 ubera
249 1402 428 1438 mammarum
446 1386 475 1437 in
493 1385 593 1438 somnis
610 1385 741 1439 lactantia
758 1389 878 1454 quaeret
892 1425 924 1490 )(
962 1399 1000 1439 sea

143 1464 209 1530 post
226 1461 274 1514 ubi
292 1461 494 1515 ecnm'validac
512 1461 583 1515 vires
601 1464 693 1515 aetate
712 1464 822 1515 senecta

143 1537 321 1606 membraque
340 1537 471 1591 deficiunt
488 1537 604 1605 fugienti
620 1536 750 1604 languida
767 1538 831 1604 vita,

143 1615 206 1666 turn
226 1614 336 1666 demum
354 1630 440 1682 puero
458 1613 504 1666 elli
521 1630 587 1666 aevo
605 1614 719 1668 florente
737 1612 862 1668 iuventas

143 1689 246 1758 accipit
264 1693 293 1743 ct
310 1690 385 1742 melli
402 1690 486 1743 vestit
504 1690 629 1761 lanugine
647 1690 739 1742 malas.

143 1773 180 1819 ne
198 1766 270 1819 forte
289 1783 323 1819 ex
341 1766 450 1819 homine
468 1770 497 1821 et
514 1767 637 1819 veterino
656 1766 758 1819 semine
775 1782 906 1833 equorum
962 1781 999 1821 esc

142 1842 255 1895 confieri
273 1842 369 1895 eredas
387 1843 538 1896 Centauros
556 1858 636 1911 posse
653 1859 742 1910 neque
760 1857 827 1910 csse,

141 1921 192 1971 ant
208 1917 312 1971 rabidis
330 1918 442 1972 canibus
460 1919 611 1972 succinctae
630 1917 808 1971 semimarinis

142 1993 303 2062 cerporibus
321 1994 424 2063 Scyllas
442 1999 471 2048 et
489 1998 581 2048 cetera
599 1994 634 2047 de
653 2011 754 2062 genere
771 1994 876 2062 henim,

140 2071 216 2124 inter
234 2086 264 2123 se
282 2087 397 2139 querum
415 2070 551 2124 discordia
569 2070 692 2124 membra
709 2069 847 2136 videmns3

139 2162 214 2214 quac
231 2163 321 2215 neque
338 2146 485 2200 florescunt
502 2147 606 2217 pariter
623 2163 673 2200 nee
691 2146 790 2199 robora
807 2151 919 2201 sumunt
961 2160 998 2199 ee„

141 2222 302 2291 cerporibus
319 2240 408 2292 neque
425 2224 561 2292 preieirmt
579 2226 671 2278 aetate
689 2225 800 2276 senecta

141 2314 193 2351 nec
211 2299 292 2352 simili
311 2299 420 2353 Venere
438 2300 586 2354 ardescunt
602 2315 652 2352 nee
670 2291 792 2352 mc'ribus
809 2299 870 2353 unis

141 2373 313 2440 conveniunt,
332 2392 421 2444 neque
439 2378 503 2428 sunt
521 2376 617 2430 eedem
634 2374 752 2429 incunda
769 2392 820 2444 per
837 2377 921 2429 artus.

141 2450 245 2518 qnippe
263 2451 358 2505 videre
375 2452 440 2506 licet
458 2453 636 2521 pinguescere
655 2467 735 2519 saepe
753 2452 874 2513 cicuta,

141 2525 300 2593 barbigeras
313 2527 440 2597 pecudea,
451 2528 552 2581 homini
565 2545 634 2596 qnae
647 2530 690 2581 est
702 2543 765 2581 aere
777 2543 917 2581 venenum.
962 2539 997 2579 eae

141 2599 252 2654 fflmma
270 2603 381 2671 quidem
400 2620 463 2657 ecre
481 2621 541 2657 eum
560 2621 675 2673 corpere
692 2603 767 2657 fulva
784 2604 893 2658 leonum

141 2679 201 2730 tam
219 2677 305 2732 soleat
322 2682 428 2753 terrere
446 2683 529 2748 atquc
547 2697 628 2734 urere
645 2696 726 2748 quam
744 2696 830 2747 genus
848 2694 928 2732 omne

142 2753 257 2813 visceris
270 2754 299 2808 in
316 2756 398 2810 terris
416 2752 606 2825 quodcumque
624 2760 654 2811 et
670 2757 807 2823 sanguinis
824 2758 908 2822 extet,

142 2829 190 2896 qui
207 2829 267 2883 fieri
284 2833 383 2900 potnit
401 2833 502 2901 triplici
520 2850 582 2886 cum
600 2848 714 2901 corpere
731 2835 763 2884 ut
780 2848 842 2899 una,

96 2959 99 2963 ,
142 2905 232 2975 prima
248 2906 300 2974 leo,
318 2912 458 2977 postrema
475 2909 565 2976 draca,
582 2907 673 2962 media
689 2909 756 2976 ipsa,
776 2907 920 2961 Chimaera
960 2916 996 2958 aet

142 2997 190 3035 ere
207 2982 388 3036 feras·acrcm
406 2985 486 3036 flaret
504 2984 539 3036 de
557 2999 672 3051 corpere
689 2983 844 3035 flammaml

142 3074 229 3125 qnare
246 3059 329 3111 etiam
347 3059 445 3111 tellure
463 3074 533 3109 nova
550 3057 679 3122 caeloque
696 3055 801 3106 recenti

144 3133 210 3186 talia
228 3134 274 3200 qui
293 3135 373 3198 fingit
391 3133 512 3201 petrissae
530 3130 657 3181 animalia
673 3128 754 3194 gigni,

1000 3288 1070 3376 Α
