2190 3398
108 61 146 119 64
510 58 561 116 [ll

106 164 226 219 laeditur
244 165 273 219 in
292 162 378 227 uobis,
396 177 450 215 ιιοιι
467 159 541 214 οιιιιιί
559 160 763 215 concruciamur

107 256 228 309 corpore,
246 242 285 295 sie
302 240 409 294 unimus
426 253 629 306 nonnumquam
645 236 766 291 laeditur
783 239 842 307 ipse

107 315 268 388 laetitiaque
287 318 370 386 viget,
387 330 449 368 cum
467 317 560 367 estora
576 329 640 381 pars
657 313 757 368 euirnai

106 408 157 461 per
175 394 299 449 membra
315 397 399 461 atque
416 394 494 444 artus
510 388 585 443 nulla
601 389 725 444 novitate
742 390 837 445 cietur.

107 484 202 524 verum
220 470 268 524 ubi
286 468 405 524 vementi
423 466 511 534 magis
529 469 572 519 est
589 469 725 520 commota
741 471 817 520 metu
835 484 921 536 meus,

106 546 260 601 consentire
278 547 394 600 animam
412 546 500 597 totam
518 559 567 610 pcr
585 541 709 597 membra
726 542 851 597 ridemus

106 621 273 692 sardoresquo
291 622 331 676 ita
348 621 534 690 palloremque
551 618 670 673 existere
687 622 747 673 toto
943 676 947 687 ,

106 714 220 766 corpore
238 702 268 752 et
285 697 394 764 infringi
411 696 531 764 linguam
549 711 697 764 necemque
715 695 824 764 aboriri,
924 713 963 753 15⁵

105 772 223 841 adigere
240 774 340 841 oculos,
358 788 454 826 sonere
471 771 553 840 auris,
571 771 710 825 succidere
727 775 810 839 artus,

106 849 224 918 denique
242 851 384 904 concidere
402 866 436 902 ex
454 848 537 902 annui
555 852 660 902 terrore
677 848 802 902 ridemus

106 941 188 995 saepe
206 926 343 991 hominem
361 926 440 980 facile
459 927 491 979 ut
508 925 598 994 quiris
614 925 678 979 hinc
694 942 806 979 noscero
823 925 910 994 possit

105 1018 165 1055 esse
177 1002 294 1056 enimam
307 1019 368 1057 eum
381 1002 471 1056 auimo
482 1002 663 1068 coniunctam,
674 1018 744 1070 quae
756 1018 817 1055 eum
829 1002 913 1056 animi
930 1004 961 1057 ei

105 1085 268 1147 percussam,
286 1080 358 1133 exim
377 1095 475 1149 eorpus
492 1078 622 1148 propellit
638 1083 668 1131 et
685 1077 740 1132 icit.
921 1094 961 1134 ree

142 1155 220 1210 llaec
237 1156 334 1210 cadem
352 1155 424 1209 ratio
442 1158 568 1209 naturam
587 1154 670 1207 animi
687 1157 771 1222 atque
788 1154 888 1208 animai

105 1248 263 1309 corpoream
282 1233 363 1287 (locet
380 1249 448 1287 esse
466 1231 512 1285 ubi
531 1231 604 1284 enim
621 1230 774 1299 propellere
791 1231 922 1299 membra,

104 1310 240 1378 (arripere
258 1327 291 1364 ex
310 1326 404 1364 sonum
422 1324 521 1377 cerpus
539 1310 701 1377 mutareque
719 1307 826 1360 vultum

106 1388 190 1453 atque
208 1386 344 1440 hominem
362 1389 453 1439 tetum
471 1400 567 1452 regere
585 1400 617 1437 ae
635 1400 743 1437 versere
761 1384 880 1452 videtur,

106 1479 220 1530 quorum
239 1464 277 1516 nil
296 1463 395 1517 ficri
374 1480 432 1517 sme
450 1465 527 1516 tactu
544 1477 624 1529 posse
642 1460 766 1514 ridemus
922 1475 961 1516 1e5

106 1554 157 1591 uec
173 1542 277 1592 tactum
296 1556 377 1605 porro
396 1539 454 1593 sine
472 1554 594 1607 corpore,
610 1553 700 1591 nonne
716 1536 888 1592 fatendumst
935 1566 938 1571 ·

106 1630 236 1681 corporea
255 1619 353 1669 natura
370 1616 491 1669 animum
509 1617 633 1669 constare
650 1614 840 1682 enimamqucl

107 1694 249 1758 praeterea
266 1693 370 1761 puriter
387 1692 463 1760 fungi
481 1708 544 1746 cum
561 1707 673 1760 corpere
689 1694 721 1749 ,et
738 1707 792 1742 una

106 1768 259 1822 ctrrrseutire
276 1769 396 1822 animum
414 1768 493 1822 nobis
511 1768 539 1820 in
557 1783 670 1836 corporo
688 1766 783 1821 cernis.

105 1845 128 1898 si
146 1843 235 1897 minus
253 1844 367 1900 offendit
384 1845 469 1898 vitam
486 1845 528 1899 vis
545 1843 657 1896 horride
674 1842 723 1896 teli

104 1920 211 1974 ossibus
228 1938 260 1975 ac
277 1923 367 1976 nerris
386 1921 512 1975 disclusis
529 1921 604 1974 intus
620 1920 726 1986 adactu,

104 2001 133 2052 ut
151 1999 243 2051 tamen
260 1998 414 2067 insequitur
431 1998 546 2066 languor
563 2002 707 2065 terraeque
725 1995 829 2065 petitus

105 2091 201 2129 suarm
220 2078 249 2128 et
266 2075 293 2129 in
313 2080 387 2129 terra
404 2072 569 2141 mentis-qui
587 2072 710 2141 gignitur
726 2075 826 2137 aestus,

67 2206 68 2209 ,
104 2151 296 2220 interdumque
314 2153 391 2221 quasi
409 2151 560 2219 exurgendi
577 2151 683 2204 incerte
700 2149 832 2202 veluntas

103 2246 169 2297 ergo
186 2246 343 2298 corpoream
361 2232 487 2282 naturam
505 2227 588 2281 animi
605 2243 666 2280 esse
682 2228 827 2292 necessest,

104 2306 242 2375 corporeis
259 2306 387 2374 quoniam
404 2305 469 2358 telis
486 2304 598 2372 ictuque
609 2302 729 2357 laborat.

140 2383 169 2436 Is
186 2382 237 2437 tibi
255 2400 326 2436 nuuc
344 2383 449 2435 animus
467 2381 542 2450 quali
560 2382 596 2435 sit
613 2396 726 2447 coquere
746 2381 776 2433 et
793 2377 868 2433 unde

105 2459 259 2513 constiterit
277 2475 389 2527 pergam
407 2458 541 2512 rationem
559 2457 677 2512 reddere
694 2455 782 2510 dietis.
812 2497 814 2501 ,

104 2536 236 2604 μιίιιοίρίο
253 2553 314 2589 esso
330 2538 373 2589 aio
391 2534 570 2604 persuptilem
588 2537 671 2602 atquo
688 2532 801 2586 minutis

105 2629 235 2682 perquam
253 2612 412 2681 corporibus
430 2613 531 2665 sectum
549 2615 680 2665 constare.
697 2609 727 2662 id
745 2609 784 2662 itu
801 2623 861 2662 esse

82 2689 167 2752 2lriue
184 2689 250 2743 lieet
267 2689 395 2743 advertas
413 2688 533 2742 animum
539 2690 583 2759 ut
600 2701 763 2757 pernoscere
780 2684 875 2754 possm

79 2765 141 2816 nil
159 2764 228 2818 adeo
246 2764 305 2817 fieri
324 2765 406 2818 celeri
425 2765 530 2818 ratione
548 2764 665 2830 videtur,

103 2854 185 2923 quam
203 2840 256 2891 sibi
274 2855 351 2890 ruens
369 2841 428 2893 tieri
447 2840 622 2909 proponitet
592 2836 774 2893 etinchoet
766 2853 833 2906 ipsa

103 2911 176 2961 orius
194 2927 259 2977 erge
276 2913 382 2966 aninrus
399 2930 480 3001 ιιιιιιιιι
499 2931 543 2968 res
561 2931 590 2968 se
608 2913 713 2983 perciet
730 2912 793 2981 ulla,

102 2986 167 3034 emto
184 2985 275 3036 ocules
291 3003 406 3053 quorum
423 2991 451 3040 in
468 2994 598 3058 promptu
615 2992 714 3041 natura
731 2988 846 3042 ridetur.

104 3059 134 3105 at
151 3055 224 3119 quod
241 3057 340 3109 mobile
358 3064 436 3114 taum
455 3068 570 3129 operest
588 3067 714 3118 constare
731 3063 860 3117 ridendis

103 3141 234 3193 perquam
251 3130 398 3194 seminibus
415 3135 500 3187 debet
518 3153 702 3204 perquamque
719 3138 839 3202 minutis,
938 3130 942 3137 ’
