2190 3398
545 80 598 141 III
958 85 997 141 83

136 187 209 242 illud
225 186 262 241 ub
278 187 331 240 hoo
347 185 433 255 igitur
449 187 636 256 quaerendum
653 189 704 256 est,
721 184 790 255 quid
807 186 844 241 sit
859 187 942 242 smmi

138 267 220 319 tanto
232 280 324 332 opere,
335 263 371 317 ed
383 278 508 317 somnum
521 263 544 317 si
556 280 601 318 ros
608 263 687 317 ,redit
698 266 783 333 etque
797 262 926 332 quietem,
962 277 999 317 uo

139 357 189 395 eur
206 340 354 428 quisquam
371 343 485 393 aeterno
503 341 590 409 possit
578 340 751 394 ttabesoero
767 339 852 394 luctu.

176 417 287 470 Host
258 416 342 471 etism
359 416 464 470 faciunt
481 416 529 470 ubi
548 416 711 473 discubuere
729 419 883 485 tenentque

140 493 239 563 posuls
256 508 338 561 saepe
355 491 478 546 homines
496 496 525 547 et
542 492 699 547 inumbrant
717 509 767 546 ors
783 493 896 561 coronis,

141 586 177 623 ex
194 568 287 623 animo
303 571 337 622 ut
354 561 446 623 dieunt
463 567 567 622 ‘brevis
584 569 629 624 hie
645 571 689 623 est
704 569 809 623 fruetus
827 566 969 632 homullis;

55 650 59 657 '
140 647 197 699 ism
214 644 299 700 fuerit
315 660 406 713 neque
423 647 487 715 post
504 658 634 713 umquam
651 661 779 699 revocare
797 644 904 699 licebit?
961 658 997 697 ou

29 769 34 779 .
139 722 308 791 ‘tamquam'
299 738 328 774 ιιι
346 723 435 776 morte
453 720 518 775 mali
534 738 597 775 cum
614 720 711 790 primis
727 720 780 776 hoo
797 721 834 774 sit
851 737 954 789 eorum,

141 798 217 866 quod
234 798 296 853 sitis
313 800 411 852 exuret
428 797 542 850 miseros
559 801 643 866 utque
660 795 738 850 aride
754 800 851 865 torres,

141 877 191 927 aut
208 874 279 928 aliae
297 874 372 928 cuius
390 872 557 927 desiderium
574 872 692 927 insideat
709 872 758 926 rei.

141 966 193 1003 neo
210 949 264 1003 sibi
281 948 353 1004 enim
371 949 516 1018 quisquam
534 952 595 1002 tum
612 962 642 1003 se
659 948 800 1018 vitamque
817 949 943 1019 requirit,

141 1042 205 1081 cum
222 1024 328 1094 pariter
344 1041 422 1083 mens
439 1027 469 1079 et
486 1040 585 1094 corpus
602 1025 691 1097 sopite
708 1025 857 1094 quieseunt
960 1039 998 1078 su

141 1118 205 1155 uum
222 1100 289 1156 licet
306 1104 447 1157 aeternum
465 1117 516 1170 per
532 1117 582 1155 uos
598 1101 638 1155 sio
655 1117 715 1155 esse
732 1116 866 1170 soporem.

142 1187 193 1232 neo
210 1176 378 1232 desiderium
395 1177 483 1232 nostri
499 1194 549 1231 uos
566 1176 661 1231 adficit
678 1177 771 1231 ullum.

143 1257 284 1308 ettamen
301 1253 515 1324 haudquaquam
534 1257 640 1307 nostros
658 1256 724 1307 tuno
741 1253 789 1307 ills
805 1269 856 1321 per
872 1255 949 1306 ortus
967 1270 968 1276 ¹

142 1328 223 1399 louge
240 1328 276 1383 ab
294 1329 433 1384 sensiferis
451 1329 602 1399 primordie
618 1329 738 1385 motibus
755 1333 858 1396 errant,

141 1423 204 1460 cum
222 1409 366 1474 correptus
384 1406 465 1463 hono
483 1422 518 1463 ex
537 1422 630 1460 somno
649 1422 678 1459 se
696 1404 800 1474 colligit
816 1405 882 1474 ipse.
959 1418 998 1457 ors

142 1482 230 1536 multo
248 1482 334 1550 igitur
351 1483 577 1539 mortem‘minus
594 1482 630 1535 ud
648 1498 698 1536 uos
715 1498 776 1536 esse
792 1481 980 1550 putandumst,

142 1560 166 1611 si
184 1559 276 1612 minus
289 1574 353 1619 esse
370 1562 463 1627 potest
481 1574 563 1626 quam
581 1557 656 1626 quod
672 1557 710 1611 nil
728 1573 788 1611 esse
805 1557 944 1624 videmus3

144 1635 231 1688 maim·
249 1634 323 1689 euim
340 1634 439 1689 turbae
456 1633 586 1689 disiectus
603 1633 744 1688 materiai,

143 1710 322 1780 consequitur
339 1710 395 1767 leto
412 1726 468 1766 neo
481 1709 625 1779 quisquam
644 1709 803 1778 expergitus
820 1713 919 1776 exstat,

142 1786 245 1855 frigida
264 1774 346 1855 quem
364 1786 449 1844 semel
467 1789 512 1841 est
528 1786 595 1841 vitai
612 1802 698 1854 parus
715 1790 815 1841 secuta.
838 1835 883 1877 γ
959 1799 996 1840 me

179 1863 306 1931 Denique
325 1862 348 1923 si
366 1878 460 1917 vocem
478 1878 571 1919 rerum
588 1865 688 1917 natura
704 1865 818 1931 repente

143 1939 239 1993 mittat
255 1942 286 1992 et
302 1938 355 1992 hoo
372 1938 453 1993 alicui
470 1941 594 1995 nostrum
612 1938 791 2006 sieiucrepet
804 1938 873 2006 ipss,

144 2015 225 2084 ‘quid
241 2013 300 2075 tibi,
311 2017 390 2075 tanto
407 2017 525 2084 operest,
543 2014 674 2082 mortalis,
692 2013 766 2082 quod
782 2013 863 2069 nimis
880 2015 969 2081 aegris

141 2089 263 2144 luctibus
278 2088 421 2158 indulges?
440 2089 508 2159 quid
525 2095 641 2144 mortem
658 2090 796 2157 congemis
813 2105 845 2142 nc
862 2089 927 2143 tissi

142 2182 208 2220 uum
225 2166 313 2235 gratis
330 2170 456 2221 anteacta
473 2166 527 2219 fuit
543 2165 594 2221 tibi
611 2166 669 2226 vita
685 2166 814 2234 priorque
960 2178 996 2219 sse

143 2246 174 2297 et
191 2258 246 2296 non
264 2242 355 2297 omniu
371 2246 516 2309 pertusum
534 2245 663 2309 congestu
680 2241 758 2309 qussi
775 2242 804 2295 iu
822 2257 870 2295 vas

144 2318 289 2373 commoda
305 2318 460 2388 perfluxere
476 2321 561 2388 atque
578 2319 687 2386 ingrata
703 2318 847 2375 interiere:

143 2410 195 2448 sur
210 2411 266 2448 nou
283 2398 316 2448 ut
331 2395 430 2462 plenus
447 2394 522 2449 vitae
539 2395 651 2453 conviva
667 2394 773 2449 recedis

144 2486 235 2539 seque
252 2469 398 2538 animoque
416 2469 491 2538 cupis
510 2486 641 2537 securem,
659 2469 752 2538 stulte,
770 2470 909 2538 quietemi

144 2545 187 2600 sin
204 2562 239 2600 es
255 2562 327 2614 quae
343 2546 449 2603 fruetus
466 2561 583 2615 eumque
601 2563 632 2601 es
649 2547 756 2616 periere
773 2547 884 2616 profuso
960 2559 996 2600 su

143 2622 258 2691 riteque
275 2623 304 2693 in
322 2621 461 2687 offensrut,
479 2638 529 2676 sur
545 2623 661 2691 amplius
678 2623 781 2677 addere
799 2625 915 2692 quoeris,

143 2714 254 2752 rursum
270 2698 346 2767 quod
363 2702 459 2767 pereat
476 2698 548 2752 mule
565 2702 595 2753 et
612 2698 749 2767 ingratum
767 2698 875 2753 occidat
891 2713 979 2757 omne.

143 2790 199 2827 non
216 2774 309 2843 potius
326 2774 399 2829 vitae
417 2774 499 2828 finem
516 2774 584 2828 suuis
600 2777 685 2844 atque
702 2774 819 2830 laborisi

143 2865 208 2903 num
225 2849 279 2904 tibi
296 2854 442 2919 prsetereu
459 2849 533 2919 quod
549 2851 714 2905 machiner'
706 2851 906 2921 nummumque,

144 2925 221 2995 quod
238 2925 353 2997 placeat,
371 2926 410 2980 nil
427 2930 484 2980 est.
501 2926 598 3013 eedem
616 2931 681 2981 sunt
698 2929 788 2981 omnis
805 2943 919 3011 semper.
959 2940 997 2980 su

143 3002 167 3054 si
185 3000 237 3055 tibi
255 3018 309 3055 nou
327 3003 404 3056 suuis
421 3018 520 3069 eorpus
537 3002 591 3053 ism
608 3005 712 3054 marcet
729 2988 776 3053 et
777 3005 854 3055 urtus

142 3077 262 3133 confecti
279 3077 420 3145 languent,
438 3077 535 3129 eadem
553 3079 646 3127 tumen
662 3074 752 3128 omniu
769 3076 883 3133 restant,

143 3153 237 3208 omnis
253 3152 276 3207 si
294 3168 394 3223 pergas
411 3149 528 3203 vivendo
546 3148 654 3199 vincere
670 3146 766 3202 mecla.
