2190 3398
129 92 167 151 76
526 89 581 147 III

127 211 273 264 possumus
290 193 410 248 infernas
428 194 533 247 animas
551 193 714 248 Acherunte
731 193 829 262 uagari
919 213 923 219 ⁷
975 218 991 235 ··

127 271 247 340 pictores
264 270 359 338 itaque
377 272 407 323 et
424 270 590 337 scriptorum
608 269 699 324 saecla
715 270 809 339 priora

128 348 167 402 sic
185 347 290 402 animas
308 347 381 401 intro
399 346 539 400 duxeruut
556 347 681 409 sensibus
698 350 800 401 auctas.
949 363 994 401 ooo

128 428 159 479 at
176 440 266 493 neque
285 440 391 478 sorsum
410 423 480 477 oculi
497 439 587 491 neque
604 440 685 477 nares
703 439 753 477 nec
769 440 867 477 manus
884 424 949 493 ipsa

127 517 188 555 esse
205 503 299 569 potest
316 501 423 553 animae
440 516 531 569 neque
549 515 656 553 sorsum
676 498 776 566 lingua,
795 515 884 569 neque
901 516 992 555 aures

127 577 225 632 auditu
242 592 292 645 per
309 591 340 628 se
357 578 473 644 possunt
490 575 595 629 sentire
612 591 702 643 neque
719 591 786 629 esse.
813 603 838 655 4

163 653 199 706 Et
218 652 344 720 quoniam
355 655 422 708 ,toto
441 651 575 705 sentimus
593 667 708 719 corpore
725 651 826 706 inesse'

127 728 237 782 vitalem
256 743 365 781 serrsnm
384 730 414 781 ct
431 730 522 782 totum
540 744 601 782 esse
618 727 734 782 animale
751 727 884 796 ridemus,
949 743 991 782 ces

126 805 150 857 si
168 803 260 858 subito
277 803 399 857 medinm
417 803 500 857 celeri
518 802 685 872 praeciderit
702 804 759 858 ictu

126 880 167 933 vis
185 879 277 949 aliqua
295 882 328 933 ut
346 896 451 934 sorsum
469 885 577 947 partem
595 883 722 934 secernat
738 884 893 948 utramque,

127 955 276 1024 dispertita
293 956 387 1024 procul
406 956 489 1010 dubio
507 972 617 1025 quoque
635 956 676 1010 uis
693 956 795 1010 animai

126 1035 157 1085 ct
175 1030 289 1085 discissa
306 1031 387 1085 simul
404 1048 466 1085 enm
484 1048 598 1100 errprore
616 1031 777 1086 dissicietur.

126 1112 157 1162 at
175 1107 249 1176 quod
267 1107 399 1161 scinditur
417 1112 446 1161 et
463 1109 552 1177 partis
570 1108 688 1163 discedit
705 1108 733 1162 iu
750 1108 828 1176 ullas,
948 1123 988 1164 oro

128 1184 233 1239 scilieet
250 1189 392 1238 seminam
410 1184 462 1238 sibi
480 1188 608 1239 naturam
625 1184 723 1240 abnuit
740 1201 808 1239 esse.

127 1260 262 1315 falciferos
278 1263 433 1314 memorant
449 1274 547 1314 currus
564 1260 708 1315 abscidere
725 1261 850 1315 membra
929 1260 934 1266 ’

128 1354 209 1406 saepe
226 1337 266 1391 ita
284 1336 319 1389 de
338 1336 429 1391 subito
445 1337 585 1406 permixta
601 1337 687 1391 caede
704 1336 825 1402 colentis,

127 1418 160 1469 nt
177 1418 298 1468 tremere
316 1413 345 1466 in
363 1416 439 1467 terra
456 1412 583 1466 videatur
600 1412 636 1466 ab
654 1412 770 1467 artubus
787 1412 817 1479 kl
835 1410 911 1480 quod

127 1490 232 1545 decidit
243 1489 386 1555 abscisum,
398 1505 460 1542 cunr
473 1504 551 1543 mens
562 1492 655 1543 tamen
667 1493 752 1558 atque
764 1488 880 1541 hominis
888 1487 932 1541 vis
948 1503 988 1543 oss

127 1565 281 1620 mobilitate
299 1565 364 1618 rurali
382 1581 435 1619 non
453 1565 515 1634 quit
532 1565 637 1619 sentire
654 1565 792 1629 dolorem;

126 1647 156 1697 ot
174 1641 258 1696 seurel
277 1641 304 1694 iu
323 1657 433 1711 pugnae
450 1640 543 1695 studio
561 1640 635 1709 qnod
653 1640 750 1695 dedita
766 1657 844 1694 mens
861 1644 913 1707 est,

126 1734 240 1787 comere
258 1716 364 1786 reliquo
382 1733 502 1787 pugnam
520 1717 673 1787 caedesque
690 1717 814 1786 petessit,

128 1811 178 1847 nec
196 1796 274 1848 tenet
291 1793 418 1847 amissam
436 1793 540 1847 laevam
558 1810 620 1848 enrn
637 1794 759 1862 tegmine
777 1809 860 1863 saepe

128 1871 201 1923 inter
219 1885 304 1938 equos
321 1868 451 1923 abstraxe
469 1873 544 1923 rotas
562 1870 699 1938 dulcesque
715 1886 836 1939 rapaces,
947 1884 987 1925 osa

128 1962 178 2000 nec
196 1945 327 2000 cecidisse
344 1945 414 2000 alius
432 1947 567 2012 dextram,
585 1962 648 2001 curn
667 1947 775 2000 scandit
791 1948 821 1999 et
838 1946 931 2000 instat

128 2021 193 2076 inde
211 2020 280 2075 alius
297 2025 413 2076 conatur
430 2022 561 2091 adempto
579 2038 691 2090 surgere
709 2038 797 2088 crure,

127 2116 189 2153 cum
208 2097 311 2166 digitos
327 2098 416 2167 agitat
433 2103 549 2168 proptor
566 2098 746 2152 moribundus
763 2097 838 2150 humi
849 2113 913 2166 pes.

126 2181 157 2232 ot
174 2180 258 2247 caput
275 2175 412 2229 abscisum
429 2175 518 2230 calido
535 2176 699 2243 viventeque
716 2177 831 2228 trunco.

127 2258 219 2308 servat
236 2252 312 2306 humi
330 2251 435 2306 voltum
453 2251 565 2305 vitalem
583 2251 730 2319 oculosque
748 2249 878 2319 patentis,
946 2264 985 2304 oss

127 2330 215 2384 donec
232 2328 362 2397 reliquias
380 2326 479 2380 aninrai
498 2326 622 2381 reddidit
639 2342 740 2380 omnes.

127 2406 194 2475 quin
212 2405 295 2459 etiam
313 2403 363 2457 tibi
383 2403 406 2457 si
425 2402 519 2471 lingua
536 2402 662 2457 vibrante
680 2402 810 2457 minantis

127 2482 265 2552 serpentis
282 2479 398 2534 eandam
417 2496 434 2533 e
451 2495 565 2547 procero
582 2481 696 2547 corpore
713 2482 850 2535 mausona

126 2559 163 2612 sit
180 2557 290 2612 libitum
308 2556 336 2609 in
353 2556 455 2610 multas
474 2555 561 2624 partis
579 2553 714 2608 discidere
732 2554 814 2623 ferro,

127 2635 217 2689 (amnia
234 2634 288 2688 iam
307 2648 413 2688 sorsum
431 2647 527 2685 cernes
545 2630 638 2685 ancisa
655 2630 760 2684 recenti
945 2644 984 2684 eoo

128 2710 238 2766 volnere
255 2709 354 2763 tortari
372 2714 402 2763 ct
418 2711 523 2762 terram
540 2723 725 2777 conspargere
742 2705 816 2774 tabo,

127 2790 215 2856 ipsam
234 2803 318 2855 seque
335 2790 412 2840 retro
429 2787 535 2853 partem
554 2787 650 2853 petere
668 2799 716 2836 ore
735 2783 862 2851 priorem,

128 2861 246 2913 volueris
263 2861 373 2915 ardenti
390 2866 423 2914 ut
440 2877 533 2915 morsu
550 2863 658 2928 premat
675 2860 732 2913 ieta
749 2859 879 2913 dolorem.

129 2934 254 2986 omnibns
271 2951 332 2988 esse
349 2936 435 3002 igitur
452 2939 526 2990 totas
545 2936 667 2989 dicemus
684 2934 714 2988 in
731 2934 786 2987 illis

128 3007 270 3074 particulis
287 3010 408 3066 animosi
426 3016 456 3065 at
473 3028 507 3065 ea
523 3011 630 3065 ratione
648 3013 781 3078 sequetur
947 3025 983 3066 uos

128 3082 393 3137 unam·animantem
412 3087 516 3141 animas
534 3085 707 3140 habuissem
725 3101 840 3155 corpure
857 3085 965 3143 mulas

129 3168 196 3219 ergo
214 3153 328 3209 divisast
346 3174 378 3211 oa
396 3177 467 3228 qnae
484 3163 538 3215 fnit
555 3178 608 3215 una
627 3161 788 3216 simulcunr
