2190 3398
105 50 143 106 36
514 47 551 104 ΙΙ

102 151 224 205 incidere
241 167 276 204 ex
295 165 394 219 supero
412 149 561 203 levioribus
578 152 663 219 atque
680 149 721 204 itu
737 142 835 219 plagoe
854 142 858 149 ⁴

102 227 215 295 gignere
233 242 304 294 quae
321 226 426 294 possint
443 226 571 294 genitalis
590 226 708 281 reddere
726 231 824 293 motus,

102 304 179 356 avius
196 319 213 356 u
231 318 295 355 veru
312 301 391 368 longe
409 302 515 356 ratione
533 302 646 357 recedit.

102 396 165 433 nem
177 395 228 448 per
239 394 325 448 equos
335 395 524 449 quaecumque
533 380 637 435 cedunt
645 382 730 450 atque
738 397 803 434 aera
811 395 921 447 rarum,
932 395 976 435 ese

103 457 169 511 haec
187 474 238 526 pro
255 456 429 526 ponderibus¹
440 474 518 512 casus
535 456 656 513 celerare
674 460 811 512 necessest

102 538 250 602 propterea
268 534 332 608 quin
351 550 449 603 corpus
467 550 555 603 equae
572 539 726 603 natumque
742 533 831 587 tenvis

102 611 175 663 seris
192 610 260 663 haut
277 614 392 678 possunt
410 627 498 679 aeque
515 626 574 664 rem
593 627 731 680 quemque
749 608 859 675 morari,

103 685 154 739 sed
171 686 251 739 citius
270 685 373 740 cedunt
390 686 560 754 gravioribus
578 690 749 757 exsuperata„

103 765 133 814 et
151 765 246 815 contro
263 762 331 815 nulli
349 762 385 816 de
403 763 478 817 nulla
495 766 576 833 purte
593 780 684 833 neque
701 763 757 816 uilo
926 777 969 817 23⁵

103 839 228 905 temporo
246 837 327 891 inane
345 843 439 908 potest
457 856 571 894 vacuum
591 840 741 895 subsistere
758 837 806 906 rei,

104 913 177 981 quin,
195 930 245 968 suu
262 915 336 983 quod
353 919 453 970 ustura
469 917 548 985 petit,
567 918 718 970 concedere
735 917 846 984 pergat;

103 989 195 1042 omnia
212 994 382 1060 quapropter
400 992 504 1048 debent
521 1010 571 1062 per
588 993 668 1047 inune
687 992 810 1062 quietum

103 1081 191 1132 aeque
208 1066 376 1135 ponderibus
392 1085 446 1122 non
465 1070 560 1139 aequis
577 1070 684 1123 concita
701 1068 775 1122 ferri.
1082 1078 1083 1143 1

104 1141 179 1194 baud
196 1142 279 1211 igitur
296 1148 428 1213 poterunt
445 1146 592 1200 levioribus
609 1146 730 1199 incidere
749 1157 877 1210 umquam
923 1156 966 1196 ero

104 1235 138 1271 ex
156 1235 254 1288 supero
272 1222 397 1290 graviora
414 1238 504 1291 neque
521 1223 592 1277 ictus
610 1223 723 1290 gignere
739 1236 790 1288 per
807 1233 837 1271 se

104 1295 151 1362 qui
169 1297 277 1351 varient
294 1301 385 1352 motus
403 1315 453 1367 per
471 1314 540 1366 quos
557 1303 656 1351 natura
673 1301 753 1365 gerat
770 1311 822 1348 res.

104 1387 189 1439 quare
206 1373 289 1425 otiam
307 1377 392 1442 atque
410 1374 494 1428 etiam
512 1374 624 1442 paulurn
643 1373 774 1426 inclinare
791 1374 933 1424 necessest
1082 1426 1083 1429 ,

103 1462 232 1514 corpora;
249 1465 300 1502 nee
317 1450 380 1519 plus
398 1466 480 1518 quam
499 1449 650 1517 minimum,
668 1465 704 1502 ne
722 1448 827 1515 fingere
844 1449 941 1500 motus

103 1521 228 1589 obliquos
246 1525 389 1579 videamur
407 1530 437 1580 et
454 1525 485 1579 id
502 1543 547 1580 res
565 1543 630 1580 vere
646 1526 757 1579 refutet.
920 1538 961 1576 24⁵

102 1615 222 1666 namque
232 1599 284 1653 hoo
296 1602 324 1654 in
336 1606 467 1671 promptu
477 1604 708 1670 manifestumque
721 1616 781 1654 esse
793 1599 928 1664 videmus,
1029 1636 1035 1643 ·
1082 1642 1083 1675 3

103 1674 234 1742 pondere,
247 1681 381 1745 quantum
393 1680 422 1733 in
434 1684 499 1745 cest,
511 1696 565 1733 nou
577 1695 657 1748 posse
670 1677 781 1745 obliqua
792 1691 894 1742 meere,

105 1767 139 1804 ex
157 1768 255 1819 supero
273 1770 335 1806 oum
353 1756 544 1824 praecipitent,
563 1755 638 1823 quod
655 1768 768 1808 cernere
785 1752 880 1821 possis

104 1826 154 1880 sed
172 1827 209 1879 nil
228 1830 337 1883 omniuo
356 1839 432 1886 recta
449 1832 560 1900 regione
577 1832 632 1885 viai

105 1902 243 1958 declinare
261 1906 323 1973 quis
341 1911 384 1961 est
402 1908 449 1976 qui
467 1910 554 1976 possit
572 1921 685 1961 cernere
703 1904 803 1959 desei
920 1917 961 1957 rso

140 1980 266 2049 Denique
283 1983 306 2035 si
325 1999 434 2052 semper
452 1987 543 2037 motus
561 1982 714 2037 conectitur
731 1979 819 2033 omnis

105 2058 135 2108 et
151 2061 245 2111 vetere
262 2058 386 2111 exoritur
403 2076 513 2127 semper
529 2076 615 2112 novus
633 2058 729 2111 ordine
746 2058 823 2110 certo

105 2149 154 2186 nec
173 2133 335 2189 declinando
352 2134 456 2190 faciunt
472 2135 623 2203 primordie
640 2137 731 2189 motus

104 2208 265 2278 principium
284 2211 424 2279 quoddam
442 2211 575 2281 quodt
535 2212 585 2266 fati
601 2211 713 2265 foedera
730 2209 846 2281 rumpet,

104 2300 139 2337 ex
155 2286 263 2341 infinito
282 2305 317 2341 ne
335 2304 444 2341 causum
462 2305 543 2341 causa
561 2291 701 2377 sequatur,
920 2295 960 2335 ess

103 2359 190 2414 libera
207 2379 257 2431 per
274 2366 364 2418 terras
382 2366 455 2418 unde
472 2364 541 2417 baec
559 2362 742 2418 animantibus
758 2349 857 2425 exstet,

104 2436 177 2492 unde
196 2443 239 2493 est
227 2439 356 2508 t,'heec
349 2457 467 2509 mquam,
485 2441 550 2494 fatis
568 2440 660 2494 avolsa
676 2441 799 2508 potestas

104 2529 154 2581 per
171 2532 253 2582 quam
270 2515 463 2586 progredimur
480 2533 534 2585 quo
552 2517 629 2571 ducit
646 2532 782 2584 quemque
797 2519 930 2593 voluntas,

105 2588 271 2645 declinamus
288 2593 355 2646 item
373 2595 465 2646 motus
483 2609 534 2646 nec
551 2597 677 2662 tempore
693 2596 769 2646 certo

104 2681 154 2719 nco
171 2669 281 2736 regione
299 2669 350 2724 looi
368 2671 453 2736 certe,
472 2669 522 2722 sed
538 2669 611 2723 ubi'
603 2685 663 2739 ipsa
680 2668 746 2722 tulit
763 2670 856 2723 mensi
920 2683 959 2722 eoo

105 2757 168 2795 nam
186 2745 269 2803 dubio
287 2746 382 2814 procul
400 2746 443 2799 his
460 2745 544 2799 rebus
562 2763 611 2799 sue
628 2746 728 2813 cuique
745 2745 869 2798 voluntas

105 2818 267 2885 principium
285 2821 334 2873 dat
352 2823 382 2873 ot
399 2820 462 2874 hine
480 2825 570 2873 motus
588 2838 638 2887 per
654 2819 779 2873 membru
796 2821 928 2888 rigantur.

106 2906 195 2942 nonne
213 2894 289 2945 vides
308 2895 391 2946 etiem
409 2896 555 2961 patefactis
573 2899 697 2964 tempore
714 2899 816 2963 puncto

107 2965 259 3017 carceribus
277 2982 331 3017 non
348 2984 429 3033 posse
446 2973 539 3022 tamen
556 2986 735 3038 prorumpere
752 2987 884 3039 equorum

108 3036 162 3086 rim
174 3040 301 3125 cupidam
313 3042 370 3091 tum
383 3041 418 3092 de
430 3043 521 3096 subito
532 3060 613 3108 quum
625 3061 702 3097 mens
714 3049 778 3099 avet
788 3047 865 3114 ipset
921 3062 959 3101 eos

11 3116 13 3137 ¹
109 3109 196 3161 omnis
213 3113 285 3162 onim
303 3114 392 3163 totum
410 3129 460 3179 per
477 3131 575 3182 comus
592 3120 716 3173 materiai
