2176 3404
89 81 147 143 122
496 80 526 136 V

84 183 187 254 quidve
202 183 355 254 tripectora
371 183 516 251 tergemini
534 183 575 237 vis
593 183 729 271 Geryonai

50 351 73 384 ιι
84 340 164 391 tanto
181 351 264 406 opere
282 336 421 390 officerent
437 335 515 390 nobis
532 336 692 405 Stymphala
709 336 840 406 colentes,

50 426 72 459 ²³
84 417 116 467 et
135 411 275 466 Diomedis
292 413 354 481 equi
371 413 507 481 spirantes
524 412 637 465 naribus
653 414 743 480 ignem
914 429 943 468 so

84 487 198 544 Thracis
214 487 406 557 Bistoniasque
423 487 519 558 plagas
535 492 618 555 atque
637 488 744 542 Ismara
760 493 893 560 propterl

83 580 221 636 aureaque
238 562 425 633 Hesperidum
443 580 554 617 servans
571 563 703 632 fulgentia
719 566 799 633 mala,

83 658 172 711 asper,
189 640 288 696 acerba
305 644 391 703 tuens,
409 639 520 693 immani
538 657 653 710 corpore
669 658 782 710 serpens

83 716 190 773 arboris
206 717 349 786 amplexus
367 716 483 786 stirpem
500 717 568 785 quid
586 717 703 786 deniqne
721 717 831 774 obesset

83 796 197 862 propter
215 792 376 847 Atlanteum
393 793 458 846 litus
475 793 625 862 pelagoque
643 810 745 861 severa,
911 811 940 850 aa

83 884 137 938 quo
153 885 242 938 neque
258 873 353 923 noster
369 868 429 924 adit
445 869 589 939 quisquam
605 887 655 925 nec
673 870 808 924 barhams
822 871 930 928 audetl

83 948 176 1000 cetera
193 945 229 998 de
246 961 348 1013 genere
364 945 417 1000 hoc
434 962 505 1014 quae
523 949 587 999 sunt
603 950 730 1015 portenta
746 950 899 1016 peme

83 1021 124 1074 sei
140 1037 195 1076 non
211 1022 284 1076 sicta
300 1022 399 1086 forent
417 1021 484 1090 quid
501 1022 614 1076 tandmn
632 1023 694 1076 viva
710 1025 860 1078 nocerent?

83 1097 129 1165 nil,
146 1101 178 1152 ut
198 1097 307 1167 opinor:
325 1098 365 1151 ita
381 1097 418 1150 ad
436 1098 564 1152 satiatem
581 1102 658 1152 terra
673 1098 793 1152 ferarum
904 1127 911 1133 -

83 1190 155 1229 nune
172 1175 255 1229 etiam
273 1175 356 1228 scatit
373 1179 403 1228 et
420 1173 530 1242 trepide
546 1177 653 1228 terrore
671 1175 778 1244 repleta
793 1178 836 1230 est
910 1191 940 1231 ss

84 1266 135 1320 per
151 1266 263 1305 nemora
279 1253 436 1305 sementes
452 1267 565 1318 magnos
582 1250 718 1319 silvasque
735 1252 900 1321 profundam
1027 1238 1042 1299 'r

84 1343 156 1393 quae
171 1327 231 1381 loca
248 1327 351 1382 vitandi
369 1327 530 1396 plerumque
547 1330 591 1381 est
607 1331 702 1381 nostra
718 1332 848 1397 potestsss

85 1405 116 1457 at
132 1403 183 1457 nisi
199 1407 373 1472 purgatumst
391 1407 495 1473 pectus,
512 1419 583 1472 quae
599 1404 703 1473 proelia
719 1404 797 1458 nebia

84 1482 168 1547 atque
184 1480 306 1549 pericula
322 1483 411 1533 tumst
427 1478 543 1546 ingentis
559 1479 765 1534 insinuandum!

84 1560 204 1624 quantae
221 1560 280 1610 tum
298 1556 425 1610 scindmrt
442 1556 578 1610 hominem
595 1558 755 1626 cuppedinis
771 1574 850 1612 acres
910 1575 938 1613 os

84 1632 227 1687 sollicitum
245 1649 326 1687 curae
343 1633 491 1701 quantique
508 1632 623 1701 perinde
640 1634 766 1688 timores!

83 1708 329 1838 illinisti
346 1708 718 1854 {ililldnlidltl
729 1713 848 1778 lum

84 1860 151 1915 llaec
168 1860 253 1929 igitur
271 1860 318 1929 qni
335 1865 433 1916 cuncta
451 1861 591 1928 subegerit
607 1877 642 1914 ex
659 1862 803 1930 animoque

84 1937 220 2006 expulerit
238 1936 327 2004 dictis,
344 1953 397 1990 non
415 1937 506 2000 annis,
524 1954 612 1990 nonne
630 1938 742 1992 decebit

83 2013 155 2081 hunc
173 2013 308 2067 hominem
325 2029 440 2066 numero
456 2013 547 2066 divom
565 2012 704 2081 dignarier
721 2017 800 2070 essel

83 2108 146 2146 curn
163 2090 233 2144 bene
251 2091 412 2158 praesertim
428 2090 517 2143 multa
533 2107 565 2143 ac
583 2089 713 2145 divinitus
731 2092 797 2161 ipsis

16 2198 35 2218 .
82 2166 274 2225 irnmortalibu’
293 2166 329 2219 de
346 2166 416 2220 divis
433 2166 500 2220 dare
518 2166 593 2220 dicta
611 2168 698 2221 suerit

44 2297 48 2306 .
83 2247 166 2314 suus
184 2258 290 2299 omnem
308 2259 399 2297 rerum
416 2246 543 2298 naturam
560 2243 683 2313 pandere
702 2244 806 2323 elioda&

42 2351 47 2360 ·
119 2321 202 2374 Graius
220 2337 271 2389 ego
288 2320 428 2387 ingressus
445 2319 561 2387 vestigia
578 2319 645 2374 dum
662 2320 783 2374 rationes

29 2407 67 2436 ϊ
83 2413 234 2467 persequor
250 2413 282 2451 ac
300 2395 385 2450 doceo
403 2395 491 2463 dictis,
509 2412 563 2464 quo
580 2412 707 2466 quaeque
723 2399 816 2451 creata

25 2505 53 2549 f
82 2475 193 2528 foedere
211 2473 273 2540 sint,
290 2473 318 2526 in
336 2489 369 2526 eo
386 2488 468 2540 quam
486 2471 522 2526 sit
540 2472 640 2526 durare
657 2489 800 2527 necessum

0 2556 3 2591 ἰ
83 2567 134 2604 nec
151 2549 253 2603 validas
270 2549 379 2603 valeant
397 2548 456 2600 aevi
474 2549 631 2603 rescindere
647 2548 730 2618 leges,

83 2641 137 2697 qno
154 2642 255 2695 genere
271 2626 299 2678 in
316 2625 412 2694 primis
430 2625 512 2678 animi
530 2629 627 2679 natura
645 2630 758 2694 reperta
774 2626 818 2679 est

0 2731 25 2769 ’ί
82 2703 174 2757 nativo
190 2705 308 2773 primum
326 2704 474 2757 consistere
492 2719 604 2771 corpore
621 2705 698 2756 creta

82 2795 134 2831 nec
150 2795 230 2846 posse
247 2779 389 2832 incolumis
405 2796 533 2846 magnum
553 2779 652 2831 durare
669 2794 721 2847 per
737 2793 840 2844 aevom,

15 2884 16 2887 ,
82 2851 132 2902 sed
150 2851 292 2905 simulacra
309 2853 397 2908 solere
413 2854 441 2906 in
460 2854 560 2907 somnis
578 2853 672 2907 fallere
688 2857 832 2921 mennon,

11 2958 13 2962 v
82 2938 194 2975 eernere
211 2941 273 2977 cnm
291 2927 432 2981 videamur
449 2946 512 2982 eum
530 2946 612 2997 quem
629 2930 687 2983 vita
704 2929 822 2996 reliquit,

82 2993 156 3057 quod
173 3001 305 3063 superest,
322 3012 394 3054 nune
411 3003 464 3057 hue
482 3004 596 3060 rationis
614 3005 715 3058 detulit
732 3004 808 3071 ordo,

81 3067 114 3115 nt
130 3065 197 3148 mihi
212 3071 327 3140 morta-li
339 3077 487 3129 consistere
505 3095 619 3146 corpore
636 3080 769 3132 mundum

82 3137 254 3206 nativomque
271 3142 349 3195 simul
367 3150 438 3198 ratio
455 3151 601 3206 reddunda
618 3155 655 3207 sit
672 3170 748 3215 esses
