2190 3398
80 35 135 92 ild
465 29 538 86 1111

75 136 162 191 multa
178 152 230 206 per
246 153 278 191 os
294 137 465 204 exteruntur,
481 153 543 190 cum
561 135 690 203 languida
708 134 846 201 aulreleut,
925 168 929 176 .
1077 196 1078 203 χ

75 212 117 266 liis
134 211 221 279 igitur
237 211 320 267 rebus
337 213 450 266 rarescit
467 227 567 280 corpus
584 216 614 265 et
631 212 718 264 omnis
891 224 931 264 aaa
1012 277 1015 280 ὴ

74 288 216 343 subruitur
232 293 345 356 naturu;
362 288 440 342 dolor
457 303 539 357 quam
556 288 732 356 consequitur
748 306 816 342 rom.

75 369 222 436 propterea
239 366 346 434 cupitur
363 365 440 418 cibus
457 369 489 418 ut
506 364 641 418 suffulciat
658 369 735 417 artius

75 448 104 496 et
121 446 229 496 recreet
248 442 318 494 vires
335 441 491 495 interdatus
508 446 591 508 atquc
609 444 749 509 patentem

75 535 125 587 per
142 516 266 571 membra
283 533 314 571 ac
333 533 415 571 uenas
431 520 463 572 ut
480 532 601 570 amorem
619 521 729 585 opturet
746 517 856 572 edendi

75 612 152 649 umor
168 594 235 649 item
253 593 371 647 discedit
388 594 416 647 in
434 594 525 646 onmia
541 610 612 661 quae
629 594 688 647 loca
705 611 822 663 cumque
891 607 933 650 ote

75 674 190 739 poscunt
207 685 345 734 umorem;
362 668 567 739 glomerataque
585 670 672 724 multa
688 672 795 739 vaporis

75 762 197 815 corpora,
215 762 286 815 quac
304 745 445 811 stomacho
462 746 599 814 praebent
613 747 739 801 incendia
755 750 859 814 nostro,

75 822 201 893 dissupat
218 823 367 876 adveniens
383 822 472 891 liquor
490 838 522 876 ac
539 823 686 890 restinguit
702 828 734 877 ut
751 824 851 891 ignem,

76 915 156 953 urere
172 916 207 953 no
224 900 311 973 possit
328 899 402 953 calor
420 899 536 967 amplius
553 899 646 953 aridus
664 905 747 954 artus.

75 975 113 1028 sic
130 975 216 1044 igitur
232 975 284 1029 tibi
302 975 398 1029 anhela
416 975 476 1029 sitis
495 974 531 1028 de
547 992 662 1045 corpore
679 980 774 1030 nostro

75 1050 204 1118 abluitur,
222 1051 261 1106 sio
279 1051 406 1120 expletur
423 1051 515 1106 ieiuna
532 1050 651 1122 cupido]

111 1127 137 1181 N
139 1145 190 1182 unc
208 1129 254 1197 qui
271 1128 321 1182 fiat
339 1129 379 1182 uti
397 1145 495 1198 passus
511 1128 634 1196 proferre
652 1144 788 1197 queamus,

76 1220 137 1258 cum
155 1205 289 1270 volumus>
304 1205 430 1273 varioque
449 1203 545 1258 datum
563 1203 600 1258 sit
617 1203 740 1257 membra
756 1220 875 1271 morere,

76 1284 105 1333 ot
122 1298 192 1350 quae
210 1298 256 1334 res
272 1285 379 1335 tantum
397 1281 447 1334 lroc
465 1280 555 1333 oneris
572 1279 737 1348 protrudere
752 1281 839 1333 nostri

76 1357 197 1425 corporis
213 1357 335 1422 insuerit,
354 1356 457 1411 dicam:
475 1359 507 1410 tu
523 1355 635 1425 percipe
653 1355 734 1409 dicta.

76 1432 137 1485 dico
155 1433 245 1486 animo
262 1436 357 1486 nostro
373 1433 491 1502 primum
511 1431 656 1486 simulacra
672 1431 780 1485 rneamli

76 1509 200 1562 accidere
219 1513 301 1577 atque
319 1510 437 1562 animum
456 1509 572 1576 pulsare,
590 1512 622 1560 ut
640 1508 759 1560 diximus
775 1511 846 1562 autc.

75 1583 141 1636 iudo
157 1582 282 1638 voluntas
300 1584 347 1649 fit;
365 1600 454 1651 noque
471 1585 543 1639 cuim
561 1584 651 1638 facere
667 1584 763 1653 incipit
779 1585 864 1637 ullam

77 1676 135 1712 rem
152 1661 302 1729 quisquam,
320 1678 409 1728 quam
426 1678 503 1714 mens
521 1660 639 1729 providit
657 1661 723 1726 quid
740 1660 806 1714 velit
823 1665 895 1714 ante.

76 1736 106 1789 id
123 1736 197 1803 quod
215 1738 350 1805 providet,
369 1737 441 1790 illius
459 1737 498 1791 rei
516 1739 624 1790 constat
641 1736 738 1804 inrogo.
891 1752 932 1791 ssa

77 1828 143 1879 ergo
161 1812 267 1866 animus
284 1829 346 1866 cum
365 1829 424 1867 sose
441 1813 481 1866 ita
498 1815 651 1866 commouet
667 1818 700 1865 ut
716 1813 785 1866 relit
801 1813 843 1866 ire

76 1888 158 1956 inquo
175 1888 262 1955 gredi,
281 1889 347 1943 ferit
364 1890 504 1959 extemplo
520 1905 590 1957 quae
607 1889 636 1941 in
653 1905 767 1957 corpore
784 1893 844 1943 toto

76 1980 127 2034 per
144 1964 267 2018 membra
285 1968 368 2032 atque
386 1969 463 2019 artus
480 1965 579 2018 animai
598 1965 696 2018 dissita
713 1965 754 2028 ps
771 1970 821 2019 est.

77 2044 106 2095 et
123 2040 229 2095 facilest
246 2041 326 2109 iactu,
344 2042 471 2111 quoniam
489 2042 633 2096 coniuncta
650 2045 768 2095 tenetur.

78 2117 142 2172 inde
160 2133 193 2171 ea
209 2134 342 2187 proporro
359 2134 457 2185 corpus
475 2118 548 2184 ferit,
565 2122 649 2186 atque
666 2119 706 2171 ita
723 2122 785 2172 tota
894 2135 934 2174 sao

77 2194 209 2262 paulatim
226 2195 312 2249 moles
329 2194 503 2262 protruditur
520 2199 604 2262 atque
620 2198 753 2248 movetur.

78 2275 221 2339 praeterea
239 2275 298 2325 tum
316 2271 432 2325 rarescit
450 2286 558 2340 quoque
575 2286 674 2340 corpus
690 2273 720 2325 et
736 2287 792 2336 aer,

78 2347 182 2407 scilicet
197 2352 230 2402 ut
248 2347 332 2402 debet
350 2347 397 2415 qui
417 2364 526 2417 semper
543 2347 648 2402 mobilis
666 2350 752 2412 cxtat,

78 2440 128 2492 per
144 2425 281 2493 patefacta
300 2424 373 2478 veuit
391 2427 574 2494 penetratque
590 2424 722 2477 foramina
739 2424 831 2491 largus

78 2504 109 2554 et
125 2499 292 2571 dispargitur
309 2502 346 2555 ad
364 2502 451 2569 partis
469 2501 510 2553 ita
527 2516 648 2569 quasque
665 2499 785 2553 minutas
893 2512 933 2552 sea

78 2578 205 2646 corporis.
222 2577 266 2632 hio
282 2579 368 2647 igitur
386 2578 469 2632 rebus
488 2578 521 2630 lit
537 2577 675 2644 utrimque
693 2575 808 2641 duabus,

77 2670 162 2720 aeque
178 2656 212 2709 id
228 2661 259 2709 ut
276 2674 308 2710 ac
324 2657 401 2708 navis
418 2656 487 2709 velis
504 2657 640 2721 ventoque
656 2651 769 2706 feratur.

78 2745 129 2783 nec
146 2743 239 2784 tamen
257 2731 324 2784 illud
342 2732 370 2782 in
388 2731 429 2784 his
448 2730 530 2784 rebus
548 2727 673 2781 mirabile
690 2730 803 2792 constat,

78 2805 185 2857 tantula
203 2805 277 2870 quod
294 2809 402 2858 tantum
421 2822 518 2872 corpus
528 2803 696 2874 corpuscula
711 2806 827 2870 possunt

78 2880 257 2940 contorquere
276 2883 305 2931 et
323 2895 391 2930 onus
409 2884 499 2933 totum
518 2883 676 2933 convertere
694 2881 825 2933 nostrum.
895 2893 933 2933 ooo

78 2945 178 3027 quippe
197 2950 298 3000 etenim
315 2956 413 3007 ventus
431 2954 524 3020 suptili
542 2969 655 3020 corpore
672 2952 761 3018 tenvis

80 3017 168 3066 tmdrt
186 3033 269 3082 agens
285 3039 412 3088 magnam
429 3043 528 3094 magno
546 3028 684 3080 molimine
701 3043 799 3081 narem

51 3114 56 3127 ⁸
82 3093 109 3136 et
127 3101 222 3155 manus
239 3106 293 3145 uns
309 3096 382 3160 regit
397 3103 541 3164 quantouis
559 3102 661 3168 impete
678 3106 791 3156 euntem
