2190 3398
110 87 149 144 42
516 77 553 136 II

105 190 157 255 est,
175 189 206 242 et
221 184 353 252 squalida
370 183 462 238 mdiu
479 188 578 237 creant
595 181 722 236 admixta
737 180 839 236 doloris

104 279 221 333 corpore
227 281 235 328 ;
245 277 296 315 nec
308 264 400 314 temen
411 259 480 313 haec
492 259 605 312 retineri
616 258 728 312 hamata
738 266 912 319 necessumst
915 279 932 325 ,-

105 339 210 395 scilicet
229 355 290 396 esse
304 335 418 404 globosa
435 339 535 402 tauron,
553 352 616 389 cum
635 334 761 403 squalida
777 338 919 403 constent,

105 412 228 487 provolvi
244 413 324 468 simul
341 417 373 466 ιιι
390 411 497 481 possint
513 414 543 465 et
561 410 674 465 laedere
691 427 795 465 sensus.
929 426 971 468 eso

108 495 138 547 ct
155 508 210 560 que
226 485 314 545 mixta
330 492 412 559 putes
430 488 516 557 nmgis
533 504 632 558 aspera
648 487 754 542 levibus
771 503 832 541 esse

107 567 257 639 principiis,
274 564 349 619 unde
365 568 409 618 est
426 563 550 634 Neptuni
566 581 668 634 eorpus
684 563 821 631 acerbum,

107 647 150 698 est
168 643 239 697 ratio
256 640 433 706 secernendi3
450 657 627 711 seorsumque
644 640 759 695 uidendi

106 735 186 773 urnor
204 717 298 783 dulcis,
316 716 364 770 nbi
381 733 431 786 por
450 719 539 771 terras
556 718 680 772 crebrius
696 716 770 771 idem

106 794 269 866 percolatur,
286 796 319 848 ut
335 794 363 847 in
381 794 488 848 foveam
504 793 572 848 fluat
589 810 622 848 ae
639 795 828 859 mansuescet3
929 807 970 849 οι

106 871 206 941 linquit
223 870 296 925 enim
314 888 415 941 supera
431 870 516 926 taetri
532 870 684 941 primordia
700 870 759 937 viri,

106 965 205 1018 aspera
221 964 306 1017 quom
322 947 411 1016 magis
426 947 454 1001 in
472 948 555 1002 terris
572 947 734 1005 haerescere
751 945 866 1019 possint.

143 1024 223 1090 Quod
240 1024 367 1092 quoniam
385 1024 473 1092 docui,
491 1040 605 1094 pergam
623 1026 767 1078 conectere
784 1037 844 1078 rem
861 1037 939 1090 quae

108 1119 143 1157 ox
160 1101 211 1157 hoc
228 1104 295 1171 apta
311 1100 396 1154 fidem
415 1101 506 1168 ducat,
525 1100 676 1170 primordia
693 1115 785 1154 rerum

108 1179 187 1233 finita
204 1178 310 1232 venare
328 1177 478 1245 figunarum
495 1177 609 1231 ratione.
928 1189 970 1229 ees

107 1256 183 1327 quod
200 1255 224 1310 si
240 1272 294 1310 non
311 1255 351 1308 ita
369 1254 414 1320 sit,
434 1270 545 1307 rursum
563 1253 617 1309 iam
636 1254 741 1308 semina
757 1252 894 1323 quaedam

109 1350 169 1388 esse
186 1333 293 1387 infinito
312 1330 453 1384 debebunt
471 1330 594 1399 corporis
610 1334 700 1385 auctu

109 1426 173 1463 nam
190 1409 317 1478 quoniam
336 1406 432 1460 cedem
450 1423 506 1459 une
523 1406 640 1460 cuiusvis
657 1406 686 1461 in
702 1405 842 1463 brevitate

110 1486 232 1554 corporis
249 1485 321 1539 inter
340 1500 369 1537 se
387 1482 503 1536 multum
521 1483 627 1539 variare
644 1483 750 1551 figurae

108 1577 163 1615 non
179 1563 307 1630 possunt:
325 1560 368 1613 fac
387 1559 460 1613 enim
477 1558 596 1612 mininris
614 1576 630 1612 e
647 1559 772 1628 partibus
789 1575 874 1620 esse:
895 1584 918 1616 z¹

110 1653 225 1706 corpora
242 1637 330 1705 prima
347 1635 444 1702 tribus,
463 1634 507 1688 vcl
524 1636 606 1704 paulo
624 1635 748 1705 pluribus
765 1651 852 1703 auge3
907 1664 913 1683 ι
932 1679 939 1692 ,

110 1729 209 1782 nempe
225 1713 273 1766 ubi
290 1728 337 1766 eas
354 1712 442 1781 pariis
459 1712 540 1764 unius
557 1713 680 1781 corporis
696 1712 791 1778 omnis,
865 1742 867 1747 .
912 1744 915 1760 ι
937 1740 942 1765 2

110 1805 217 1843 summa
233 1791 317 1855 atque
333 1788 388 1840 ima
405 1787 504 1856 locans,
521 1791 708 1842 transmutans
727 1788 843 1843 dextera
859 1784 958 1853 laeuis,

111 1864 274 1919 omnimedis
292 1865 423 1932 expertus
441 1863 502 1931 eris,
521 1881 604 1932 quam
622 1864 738 1933 quisque
754 1863 805 1917 dot
821 1861 906 1916 ordo·

110 1940 208 1995 formai
225 1940 345 2009 speciem
362 1939 448 1993 totius
466 1942 590 2009 eorporis
607 1941 673 2008 eius,
929 1951 970 1996 4⁰⁰

111 2016 186 2087 quod
204 2018 337 2086 superest,
356 2015 378 2068 si
396 2016 469 2070 forte
486 2017 560 2070 voles
577 2017 683 2071 variare
699 2017 810 2085 figuras,

112 2093 270 2148 addendum
287 2093 375 2163 partis
393 2093 459 2146 alias
478 2092 545 2157 orit3
561 2093 627 2148 inde
645 2096 783 2163 sequetur,

112 2169 231 2225 adsimili
249 2170 354 2237 ratione
372 2169 438 2223 alias
455 2172 488 2223 ut
504 2171 626 2239 postulet
645 2169 720 2237 ordo,

112 2247 136 2301 si
153 2252 186 2302 ιιι
202 2247 274 2301 forte
292 2247 367 2299 uoles
385 2245 470 2299 etiam
488 2245 593 2300 variare
611 2246 728 2314 figuras:
962 2296 967 2303 .

112 2340 177 2393 ergo
194 2324 343 2376 formarum
363 2323 521 2376 nouitatem·
531 2324 653 2392 corporis
669 2338 786 2389 augmen
930 2332 970 2380 ses

111 2400 293 2466 subsequitur.
311 2416 395 2467 quaro
413 2415 467 2452 non
484 2401 528 2452 est
543 2402 576 2453 ut
593 2397 706 2453 credere
723 2397 811 2467 possis

64 2529 67 2537 ,
113 2492 174 2530 esse
190 2474 304 2528 infinitis
322 2475 453 2528 distantia
471 2475 574 2529 semina
590 2474 692 2542 formis,

113 2568 148 2607 ne
165 2551 299 2622 quaedam
318 2567 401 2619 cogas
417 2550 519 2603 inmani
536 2550 707 2604 maximitate

112 2645 181 2697 esse,
199 2645 281 2698 supra
299 2626 372 2696 quod
390 2627 444 2680 iarn
462 2627 542 2681 docui
559 2644 614 2681 non
631 2642 712 2696 posse
729 2624 848 2696 probari
868 2679 872 2685 Α

111 2705 167 2759 iam
184 2704 236 2759 tibi
254 2703 412 2758 barbaricae
430 2707 522 2757 vestes
540 2702 732 2770 Meliboeaque
748 2702 856 2769 fulgens
931 2712 971 2754 sce

113 2796 235 2850 purpura
252 2779 407 2834 Thessalico
425 2778 588 2832 concharum
605 2781 683 2833 tacta
699 2778 790 2832 colere
920 2810 946 2837 ι,

113 2944 197 2980 aurea
214 2942 349 2994 pauonum
367 2928 471 2981 ridenti
488 2928 595 2981 imbute
612 2927 706 2997 lepore
888 2984 893 2991 ⁴
920 2985 923 2989 ,

115 3001 210 3064 saecla,
228 3015 298 3051 novo
314 3016 406 3053 rerum
425 3005 554 3069 superata
572 3003 661 3056 colore
678 3004 800 3058 iacerent
857 3002 861 3007 ⁴

115 3075 145 3125 et
162 3075 334 3138 contemptus
352 3075 420 3125 odor
438 3092 562 3141 surryrnae
579 3078 721 3145 mellisque
739 3095 857 3148 sapores,

116 3150 145 3198 et
162 3161 262 3212 cycnea
277 3145 349 3196 melo
367 3146 548 3214 Phoebeaque
566 3149 683 3203 daedale
701 3153 810 3206 chordis
932 3170 970 3211 eos
