2138 3404
133 22 143 42 0

123 190 229 246 scilieet
245 205 281 244 ex
297 186 373 243 nulla
389 187 480 242 facere
497 187 528 241 id
545 187 568 242 ei
586 190 666 256 parte
684 188 837 255 repareent,
868 209 897 231 x

124 266 231 322 occidet
248 265 285 320 ad
301 265 386 318 nilum
404 263 532 318 nimirum
549 263 674 317 funditur
691 263 775 317 ardor

123 344 210 399 omnis
228 347 258 397 ct
275 358 289 395 c
306 341 361 395 nilo
379 341 448 396 fient
465 352 653 410 quaecumque
671 343 805 394 creantur.

123 437 187 475 nam
205 419 397 489 quodcumque
415 418 471 471 suia
489 421 626 471 mutatum
644 416 743 471 finibus
761 416 828 483 exit,
947 431 985 472 ore

122 498 251 550 continuo
269 495 319 548 hoc
337 510 411 547 mors
429 500 472 547 cet
490 493 562 547 illius
580 492 655 563 quod
674 492 817 548 irritante.

122 572 238 642 proinde
255 571 353 639 aliquit
371 587 500 640 superare
517 586 628 624 necesse
645 573 689 624 est
706 569 841 623 incolume
859 569 930 638 ollis,

123 666 158 702 ne
176 648 228 703 tibi
245 664 290 701 res
308 645 424 701 redeant
441 646 477 700 ad
496 646 580 700 nilmn
599 645 723 700 funditus
741 662 834 701 omnes

122 724 158 778 dc
177 724 287 793 niloque
305 729 401 777 terlata
419 722 540 791 vigescat
557 722 635 792 copia
651 738 752 776 rerum.
1061 758 1062 781 ;

121 816 193 854 nune
210 800 295 868 igitur
312 799 440 868 quoniam
459 799 610 853 certissima
627 814 741 867 corpora
758 796 895 868 quaedam
946 812 985 853 ern
1061 826 1062 889 p

122 879 188 929 cunt
205 892 276 945 quae
293 880 454 929 conservant
472 882 599 929 naturam
618 891 727 944 semper
743 875 868 942 eandem,

122 968 238 1020 quorum
255 950 333 1006 abitu
350 955 399 1005 aut
416 951 494 1005 aditu
511 957 672 1019 mutatoque
690 951 786 1006 ordine
803 955 914 1006 mutant

122 1032 249 1082 naturam
267 1044 313 1081 res
331 1031 360 1081 et
378 1034 542 1082 convertunt
559 1044 674 1098 corpora
691 1045 759 1095 sese,

123 1104 192 1158 scira
210 1104 274 1159 ticet
291 1121 346 1158 uon
365 1120 426 1158 csse
444 1103 511 1157 hacc
529 1104 609 1172 ignea
626 1121 741 1173 corpora
759 1121 861 1158 rerum.

123 1181 160 1234 nil
179 1180 296 1235 referret
313 1180 385 1234 euim
404 1179 538 1248 quaedam
557 1180 699 1247 decedere,
717 1180 803 1248 abire,
941 1194 981 1236 em

122 1261 207 1326 atquc
224 1257 278 1311 alia
295 1256 425 1322 adtribui,
443 1256 600 1324 mutarique
618 1257 715 1310 ordine
733 1256 876 1325 quaedam,

122 1335 146 1388 ci
164 1341 257 1388 tamen
275 1333 382 1388 ardoris
399 1335 526 1386 naturam
544 1340 643 1387 cuncta
660 1336 802 1398 tenerent5

122 1411 193 1478 ignis
212 1411 284 1464 enim
301 1410 374 1464 foret
391 1409 554 1462 omnimedis
572 1408 764 1477 quodcumque
781 1412 917 1463 crearent.
980 1440 984 1445 ·

122 1503 223 1553 rernm
234 1491 267 1540 ut
279 1487 380 1553 opinor,
392 1487 472 1540 itast:
486 1490 549 1539 sunt
561 1484 695 1554 quaedam
708 1500 821 1553 corpora
833 1502 950 1554 quorum
980 1540 984 1545 ,

122 1578 269 1616 concursus
286 1566 344 1616 mot
345 1579 377 1615 us
332 1561 464 1616 tordo
482 1561 605 1630 positura
623 1561 727 1629 figurae
944 1575 983 1615 ecc

124 1636 270 1691 efficiunt
263 1638 339 1705 ignis,
357 1644 519 1727 mutatoque
538 1637 634 1691 ordine
652 1654 698 1690 mu
699 1641 760 1691 tunt

86 1764 89 1771 .
123 1717 205 1767 nater
206 1730 249 1766 am
268 1729 357 1780 ireque
376 1714 465 1767 smrt
459 1714 514 1782 roni
534 1714 660 1767 sinmlata
677 1730 767 1802 neque
785 1710 833 1767 ulli

122 1793 265 1859 practerea
283 1789 323 1842 rei
341 1806 411 1857 quiae
428 1806 551 1859 corpora
559 1790 672 1844 mittere
689 1790 777 1859 poscit

123 1864 292 1918 aerisibnsct
310 1870 372 1919 nost
374 1883 417 1920 ros
435 1865 546 1920 adiectu
563 1872 677 1934 tangere
696 1870 824 1927 tactus

159 1940 256 1995 Dicere
274 1958 399 2009 porro
374 1942 464 1995 ionem
483 1959 528 1995 res
546 1943 634 1996 omnis
651 1959 712 1997 esec
729 1958 819 2030 neque
836 1941 922 1997 mmm
946 1924 986 1999 eoo

124 2034 180 2070 rem
199 2033 290 2071 ieram
308 2018 336 2070 in
354 2035 467 2072 numero
484 2034 577 2072 rerum
595 2026 720 2075 constare
738 2018 788 2071 nisi
807 2017 907 2085 ignem,

123 2093 197 2162 quod
214 2093 280 2149 facit
298 2094 341 2148 liic
359 2093 440 2160 idem,
458 2094 625 2164 perdelirum
644 2111 705 2149 esse
723 2093 841 2150 videtur.

124 2187 185 2224 nam
203 2174 298 2224 contra
315 2187 410 2224 sericus
428 2170 463 2224 ab
482 2170 606 2224 soricibus
625 2170 684 2239 ipse
703 2174 837 2239 repugnat

123 2252 153 2302 ct
170 2246 318 2303 labefactat
336 2264 389 2314 eos,
408 2247 481 2302 unde
500 2248 591 2300 emnia
609 2247 716 2301 credita
733 2247 864 2316 pendent,

124 2323 197 2377 unde
213 2323 257 2377 hic
274 2325 398 2392 cognitus
417 2331 460 2378 cst
478 2324 530 2394 ipsi
550 2340 632 2391 quem
650 2323 773 2378 nominat
790 2323 889 2391 ignem.
945 2338 985 2378 uo

123 2400 301 2454 creditenim
321 2417 416 2454 sensus
435 2402 525 2470 iguem
544 2416 708 2468 cognoscere
726 2416 799 2466 vere,

123 2481 216 2531 cetera
234 2492 287 2529 non
304 2475 400 2543 eredit,
419 2493 491 2547 qnae
508 2476 564 2530 nilo
582 2476 655 2530 clara
672 2476 762 2531 minus
780 2478 853 2530 sunt.

123 2551 198 2621 quod
216 2551 282 2605 nrihi
300 2569 360 2606 cum
380 2569 478 2606 vanum
496 2560 556 2606 tum
574 2552 692 2606 delirum
709 2568 770 2606 esse
788 2551 906 2607 ridetur.

123 2645 178 2698 qno
195 2628 346 2682 reseremus
364 2629 453 2683 enimi
472 2628 636 2697 quidnobis
655 2628 757 2683 certius
774 2628 841 2697 ipsis

122 2704 247 2758 sensibus
265 2721 325 2758 ecce
343 2711 442 2774 potest,
461 2705 507 2774 qni
525 2722 591 2759 rcra
607 2721 639 2758 ac
657 2705 726 2759 salsa
743 2705 886 2760 notemus?
946 2721 985 2781 roo

122 2783 267 2848 praeterea
285 2798 369 2848 quare
387 2782 532 2851 quisquam
550 2782 637 2849 inagis
654 2783 744 2834 omnia
761 2781 841 2835 tollat

124 2859 154 2907 et
170 2855 238 2908 velit
255 2857 360 2908 ardoris
379 2865 504 2910 naturam
523 2856 646 2924 linquere
664 2857 756 2924 solam,

125 2944 207 2993 quam
224 2931 309 2993 neget
326 2945 385 2981 esse
403 2931 480 2996 ignis,
498 2930 613 2997 quiduis
631 2934 721 2984 tamen
740 2947 801 2985 esse
818 2932 975 3001 relinquati

125 3015 214 3066 aequa
231 2999 341 3052 videtur
359 3003 430 3078 enim
450 3003 589 3057 dementia
607 3004 698 3058 dicere
716 3009 891 3075 utrumque(

162 3073 335 3141 Quapropter
352 3072 399 3141 qui
416 3078 558 3130 materiem
575 3093 668 3139 rerum
686 3095 746 3133 esse
764 3085 898 3149 putarunt
947 3098 986 3142 ron

126 3146 218 3212 iguem
236 3149 320 3213 atque
337 3163 371 3200 ex
389 3149 444 3215 igni
463 3166 596 3204 summam
613 3153 761 3210 consistere
778 3173 865 3224 posse,
