2190 3398
545 107 580 163 Il

127 210 210 281 eopia
227 210 350 281 conquiri
368 209 460 280 debet,
479 211 584 265 concita
600 211 653 280 per
669 215 747 267 artua

127 288 220 343 omnis
237 290 270 342 ut
288 287 418 342 studium*
428 288 528 341 mentis
546 289 642 342 conixa
659 293 806 358 sequatur;

127 368 162 419 ut
180 364 275 418 videas
291 364 390 417 initum
407 367 497 417 motus
515 381 532 418 a
549 364 632 418 corde
649 366 735 419 creari
812 412 814 421 .

128 456 165 494 ex
184 440 321 507 animique
339 439 481 494 voluntate
498 440 529 494 id
546 441 697 509 procedere
714 444 842 512 primum,
954 458 990 499 ιιι

126 516 197 570 inde
215 516 275 569 dari
292 532 375 584 porro
392 531 443 585 per
460 519 550 569 tetum
568 533 667 586 cerpus
684 521 714 572 et
732 522 817 573 artus.

126 608 181 646 nec
199 591 314 645 similest
331 594 364 644 ut
383 607 445 644 cum
463 591 573 660 impulsi
590 593 762 661 procedimus
780 595 838 650 ictu

127 667 235 721 viribus
253 665 491 735 alterius'magnis
509 684 663 738 magnoque
681 674 784 725 coactu.

127 759 195 797 narn
212 747 273 797 tum
290 743 436 796 materiem
453 744 539 798 totius
558 746 680 813 corporis
698 763 805 801 omnem

127 820 333 889 perspicuumst
350 819 428 873 nobis
446 819 538 873 inritis
556 821 598 873 ire
616 822 737 891 rapique,
949 837 986 879 κῆ

129 896 219 949 donec
238 912 299 949 eam
317 895 467 949 refrenarit
485 913 536 965 per
553 897 676 951 membra
693 897 825 952 voluntas

127 971 222 1025 iamne
239 969 317 1025 rides
333 972 426 1039 igitur,
444 968 609 1039 quamquam
628 973 668 1026 vis
686 977 782 1028 extera
798 974 900 1030 multos

128 1047 217 1117 pellat
235 1050 264 1101 et
281 1046 382 1100 invites
400 1051 481 1114 cegat
498 1047 648 1116 procedere
666 1066 748 1119 saepe

129 1122 353 1193 praecipitesque
370 1123 438 1192 rapi,
456 1126 549 1177 tamen
568 1140 628 1177 esse
645 1124 672 1176 in
690 1130 803 1195 pectere
820 1132 915 1180 nostre

126 1199 260 1267 quiddam
278 1199 352 1266 quod
369 1202 465 1253 centra
482 1216 605 1268 pugnare
623 1199 788 1269 obstareque
804 1202 911 1271 possiti
949 1215 987 1255 aee

128 1274 207 1329 cuius
225 1275 261 1329 ad
279 1274 423 1328 arbitrium
442 1292 551 1343 queque
569 1276 647 1345 copia
665 1276 791 1331 materiai
900 1316 903 1322 Δ

129 1350 238 1418 cogitur
256 1351 396 1404 interdum
413 1351 487 1405 flecti
504 1368 556 1421 per
573 1352 697 1405 membra
714 1368 766 1420 per
783 1354 860 1406 artus

129 1429 160 1480 et
179 1427 301 1495 proiecta
319 1426 475 1481 refrenatur
492 1430 622 1494 retroque
640 1426 745 1480 residit.

127 1518 214 1575 quare
231 1502 260 1555 in
279 1502 425 1561 seminibus
443 1519 550 1572 quoque
568 1503 643 1557 idem
661 1504 765 1557 fateare
783 1507 929 1573 necessest,

128 1586 190 1632 esse
208 1578 288 1631 aliam
307 1581 418 1647 praeter
436 1579 579 1649 plaga-set
596 1579 720 1648 pondera
738 1596 847 1634 causam
947 1596 985 1637 285

127 1654 255 1721 metibus,
273 1655 346 1708 uude
365 1654 431 1709 haec
449 1659 494 1709 est
511 1655 589 1709 nobis
606 1655 700 1710 innata
718 1657 848 1725 potestas,

129 1729 165 1784 de
183 1730 237 1783 nilo
256 1731 381 1799 quoniam
399 1731 460 1784 fieri
478 1731 516 1783 nil
534 1748 614 1800 posse
632 1732 763 1786 videmus.

127 1806 236 1874 pondus
254 1806 325 1859 enim
344 1806 473 1875 prohibet
490 1824 526 1860 ne
545 1807 632 1876 plagis
651 1809 741 1862 omnia
758 1808 826 1862 fiant

128 1886 243 1936 externa
260 1882 337 1952 quasi
354 1883 387 1936 vi.
406 1882 456 1936 sed
473 1899 508 1937 ne
525 1900 602 1937 mens
620 1884 679 1953 ipsa
700 1901 842 1939 necessum

127 1958 288 2013 intestinum
305 1958 408 2012 habeat
426 1959 532 2013 cunctis
549 1960 577 2012 in
595 1961 678 2014 rebus
695 1961 808 2029 agendis
948 1978 985 2016 aaa

129 2038 158 2088 ct
176 2033 284 2087 devicta
302 2034 379 2102 quasi
396 2034 448 2088 lece
465 2039 579 2102 cogatur
596 2036 670 2091 ferre
688 2037 809 2105 patique,

127 2110 158 2164 id
175 2109 241 2164 iacit
260 2111 388 2177 exiguum
407 2111 539 2164 clinamen
557 2112 751 2181 principiorum

129 2203 180 2241 noc
197 2187 307 2254 regione
325 2186 377 2240 loci
395 2189 472 2241 certa
489 2203 540 2240 nec
558 2190 684 2257 tempere
702 2192 785 2243 certe.
836 2238 841 2245 ,

164 2262 222 2315 Nec
241 2262 342 2332 stipatu
359 2263 446 2331 magis
464 2264 517 2316 fuit
535 2280 663 2332 umquam
683 2264 809 2318 materiei

129 2340 207 2408 eopia
223 2356 274 2393 nec
291 2354 372 2407 porro
390 2339 539 2393 maioribus
557 2340 714 2393 intervallis.
945 2357 982 2397 295
1004 2383 1011 2398 .

129 2432 191 2468 nam
209 2431 299 2483 neque
316 2414 475 2482 adaugescit
493 2416 637 2486 quicquam
655 2432 744 2485 neque
762 2417 873 2486 deperit
890 2417 962 2473 inde.

127 2495 295 2561 quapropter
312 2508 366 2558 quo
383 2507 455 2546 nunc
472 2491 501 2545 in
519 2497 597 2546 motu
614 2492 809 2562 principiorum

129 2583 243 2635 corpora
261 2571 331 2634 sunt,
349 2567 378 2620 in
396 2567 493 2621 eedem
512 2573 576 2622 ante
594 2572 657 2622 acta
675 2572 767 2622 aetate
784 2568 862 2621 fuere

130 2646 239 2713 etpost
257 2642 324 2698 haee
343 2661 452 2714 semper
470 2645 549 2698 simili
569 2645 673 2698 ratione
691 2645 823 2711 ferentur,

130 2722 245 2788 atquae
263 2721 420 2774 censuerint
437 2721 513 2788 gigni
530 2722 678 2789 gignentur
696 2719 792 2773 eadem
946 2736 983 2776 seo

130 2795 289 2850 condicione
307 2799 336 2850 et
354 2799 436 2850 erunt
453 2799 483 2850 ct
500 2800 625 2850 crescent
642 2798 722 2864 rique
740 2793 877 2861 valebunt,

24 2886 26 2935 ζ
129 2875 261 2942 quantum
278 2873 377 2940 cuique
395 2872 492 2926 datum
510 2875 553 2925 est
570 2889 620 2942 per
638 2861 751 2925 foedera
768 2871 883 2926 naturai.

24 2948 26 3017 ff
129 2964 178 3002 nec
196 2964 289 3002 rerum
308 2964 442 3001 summanr
460 2952 628 3002 commutare
646 2947 703 2999 ulla
719 2949 813 3015 petest
830 2949 877 3000 vis.

128 3040 191 3078 nam
208 3040 305 3092 neque,
323 3040 378 3092 que
394 3024 483 3092 pessit
500 3038 586 3089 genus
604 3022 691 3074 ullum
709 3022 835 3074 materiai

129 3099 247 3168 effugere
260 3117 293 3153 ex
306 3100 386 3164 omni,
394 3099 539 3168 ‹pricquam
552 3101 691 3162 esteatrq
703 3111 791 3162 noque
803 3097 830 3145 in
843 3108 922 3144 omne
943 3105 980 3142 see

130 3175 201 3230 unde
219 3180 314 3230 coorta
332 3181 417 3243 queat
435 3189 505 3226 nova
522 3173 563 3223 vis
579 3172 736 3238 inrumpere
754 3173 783 3221 et
800 3173 918 3218 ornnem*
