2176 3404
85 74 142 131 162
484 74 534 130 VI

81 168 182 246 ignem
200 178 328 233 continuo
340 183 374 232 at
390 194 489 246 magno
507 177 626 233 clamore
643 179 778 246 trucidet3
850 182 854 187 '

80 258 114 308 ut
132 253 231 317 calidis,
244 255 365 308 candem
381 255 486 308 fenum
504 271 520 308 e
537 254 694 310 fornacibus
711 257 776 310 olim

82 330 184 399 stridit,
202 330 250 384 ubi
266 331 296 384 in
313 330 435 398 gelidum
453 347 571 400 propere
589 331 769 386 demersimus
785 332 915 386 imbrem.

80 407 183 461 aridior
200 423 283 477 porro
301 408 325 461 si
341 406 428 460 nubes
446 407 546 476 accipit
560 407 661 476 ignem,
899 424 941 463 mo

79 484 171 538 uritur
188 485 292 553 ingenti
310 485 402 537 sonitu
420 500 548 537 succensa
564 488 695 553 repente3
850 488 853 493 ‘

80 559 243 615 lauricomos
260 563 293 614 ut
310 561 333 614 si
350 577 402 629 per
419 560 520 614 montis
537 561 647 615 flmnma
663 565 779 630 vagetur

80 636 192 690 turbine
209 640 353 691 ventorum
371 636 533 691 comburens
550 636 653 706 impete
670 654 784 706 magn03

81 728 132 765 nec
149 730 194 767 res
211 712 267 767 ulla
284 714 372 780 magis
389 730 472 782 quam
491 712 595 766 Phoebi
614 712 746 783 Delphica
762 714 857 768 laurus

80 788 197 842 terribili
216 790 306 843 sonitu
323 790 431 843 flemma
448 789 602 858 crepitante
619 793 762 844 crematur.
900 804 940 845 leo

82 863 200 932 denique
218 881 300 935 saepe
317 865 371 935 geli
389 866 492 919 multus
509 866 603 932 fragor
622 870 705 934 atque
722 865 801 919 ruina

81 940 221 1007 grandinis
239 941 268 994 in
285 942 391 1008 magnis
409 942 528 995 sonitum
546 942 595 995 dat
613 942 731 996 nubibus
747 942 810 996 alte.

81 1021 179 1072 ventus
196 1018 268 1072 enim
286 1034 348 1072 cum
366 1018 506 1086 confercit,
523 1018 694 1086 franguntur,
711 1019 740 1071 in
755 1021 858 1085 mum,

81 1096 200 1148 concreti
218 1098 325 1149 montes
342 1094 497 1148 nimborum
515 1097 545 1148 et
561 1094 694 1162 grandine
711 1094 798 1148 mixti
817 1114 842 1167 ζ

117 1169 211 1239 Fulgit
228 1172 303 1241 item,
319 1171 406 1225 nubes
423 1170 494 1239 ignis
511 1187 574 1224 cum
592 1171 695 1224 semina
711 1170 798 1223 multa
897 1186 937 1226 ιω

81 1263 223 1301 exclusere
241 1265 290 1302 suo
308 1251 455 1313 consuram
472 1246 660 1315 ceulapidem
678 1247 701 1298 si
757 1292 761 1296 .
859 1272 861 1277 ·

80 1323 217 1390 percutiat
234 1324 302 1394 lapis
319 1327 368 1377 aut
384 1324 503 1387 ferrum
520 1339 584 1376 nam
602 1325 662 1375 tum
680 1338 788 1391 quoque
804 1323 896 1378 lumen

80 1399 158 1453 exilit
176 1401 205 1453 et
221 1399 308 1454 claras
326 1399 455 1453 scintillas
472 1398 590 1466 dissipat
607 1398 685 1466 ignis.

80 1474 130 1528 sed
147 1477 279 1530 tonitrum
297 1477 329 1530 fit
346 1476 388 1530 uti
405 1478 468 1542 post
485 1473 596 1528 auribus
614 1475 783 1544 accipiamus,
869 1522 872 1529 .

78 1550 184 1619 fulgere
201 1569 283 1622 quam
303 1555 416 1606 cernant
433 1551 595 1619 ooun‚·quia
613 1567 721 1620 semper
738 1551 775 1604 ad
792 1552 866 1607 auris
895 1567 934 1607 roe

79 1628 185 1681 tardius
202 1629 351 1683 adveniunt
369 1645 451 1699 quam
468 1628 556 1681 visum
573 1643 643 1696 quas
660 1630 786 1682 moveant
803 1644 857 1683 res.

78 1702 109 1755 id
126 1703 191 1757 licet
207 1704 270 1758 hinc
287 1706 369 1759 etiam
387 1720 555 1773 cognoscere.
573 1703 730 1758 caedere'si
746 1720 827 1771 quem

78 1779 191 1849 ancipiti
208 1780 302 1835 videas
319 1781 393 1834 ferro
409 1779 505 1849 procul
523 1778 628 1851 arboris
646 1783 773 1848 anctum,
793 1803 797 1810 ·
865 1804 868 1809 ⁴

78 1858 142 1909 ante
160 1855 192 1909 iit
209 1859 241 1909 ut
258 1872 354 1909 cernas
371 1856 458 1910 ictum
476 1871 558 1925 quam
574 1854 657 1924 plaga
674 1873 725 1925 per
742 1857 815 1910 antris
867 1879 871 1883 ’

79 1930 128 1986 det
145 1932 270 1987 sonitum.
289 1933 328 1987 sic
344 1934 479 2002 fulgorem
496 1947 605 2001 quoque
622 1933 757 1987 cernimus
773 1935 838 1987 ante
896 1947 934 1990 rto

79 2025 160 2076 qnam
177 2009 310 2063 tonitrum
329 2010 485 2077 accipimus,
503 2009 609 2078 pariter
625 2009 673 2076 qui
690 2008 811 2063 mittitur
827 2009 885 2077 igni

79 2101 95 2137 e
113 2085 192 2139 simili
210 2102 299 2154 causa,
318 2102 450 2139 concursu
466 2088 548 2138 natus
565 2085 671 2139 eodem.
766 2110 768 2113 ·

114 2162 175 2216 Hoc
193 2163 277 2216 etiam
295 2165 376 2232 pacto
396 2161 498 2215 volucri
516 2160 576 2214 loca
592 2160 693 2214 lumine
711 2160 821 2229 tingunt

78 2237 165 2290 nubes
182 2241 211 2292 et
228 2239 346 2293 tremulo
363 2241 513 2307 tempestas
530 2237 633 2305 impete
651 2237 739 2305 fulgit,

78 2317 176 2368 ventus
194 2313 240 2368 ubi
257 2315 356 2369 invasit
372 2314 473 2368 nubem
491 2317 521 2367 et
537 2317 662 2368 versatus
678 2314 781 2368 ibidem
895 2330 932 2370 17⁵

77 2389 143 2444 iecit
160 2393 193 2444 ut
210 2394 274 2445 ante
292 2408 386 2445 cavam
404 2390 484 2444 docui
502 2389 665 2460 spissescere
682 2389 791 2458 nubem,

77 2466 232 2521 mobilitate
250 2469 304 2521 sua'
315 2468 458 2533 fervescit3
476 2469 509 2520 ut
527 2465 617 2519 omnia
633 2469 710 2520 motu

77 2542 258 2611 percalefacta
274 2542 352 2597 vides
369 2542 521 2611 ardescere,
538 2541 666 2611 plumbea
683 2559 748 2597 vero

76 2618 154 2686 glans
171 2619 254 2673 etiam
272 2618 352 2687 longo
370 2636 451 2673 cursu
469 2618 605 2673 volvenda
622 2618 756 2687 liquescit.

77 2710 142 2761 ergo
159 2695 279 2748 fervidus
296 2695 339 2748 hic
355 2695 457 2749 nubem
474 2711 537 2749 cum
554 2694 686 2764 perscidit
703 2687 799 2761 anam,
893 2710 931 2752 rsa

77 2767 192 2835 dissipat
209 2769 315 2820 ardoris
333 2770 410 2836 quasi
428 2787 478 2838 per
495 2772 551 2824 vim
568 2786 698 2838 expressa
715 2773 830 2840 repente

76 2840 180 2891 semina
196 2857 266 2906 quae
283 2842 388 2896 faciunt
403 2845 537 2898 nictantia
553 2844 661 2912 fulgura
679 2845 819 2910 flammae3

76 2910 141 2961 inde
159 2927 240 2964 sonus
257 2917 382 2981 seqnitur
399 2919 446 2984 qni
464 2919 570 2972 tardius
588 2920 683 2974 adficit
700 2921 774 2973 auris

76 2997 157 3045 quam
175 2999 245 3047 quae
262 2991 425 3052 perveniunt
442 2994 580 3046 oculorum
599 2994 635 3047 ad
652 2995 754 3050 lmnina
770 2999 872 3052 noema

76 3052 245 3136 scilicetohoc
263 3057 355 3110 densis
372 3063 405 3114 fit
421 3065 539 3118 nubibus
556 3072 586 3120 et
604 3070 682 3123 simul
699 3070 757 3126 alte
890 3087 929 3137 1⁸5

76 3124 209 3174 extructas
226 3127 286 3178 aliis
302 3130 369 3183 alias
387 3140 592 3208 super'impste'
607 3145 691 3209 miro;
