2176 3404
103 57 162 118 saa
230 140 234 147 ι
517 57 550 114 v

99 162 247 231 propterea
263 159 297 215 fit
313 159 354 215 uti
371 162 501 229 magnum
518 160 632 229 volgata
643 174 696 230 per
712 175 807 213 aevom
891 167 895 173 '
960 188 967 199 ·

100 253 180 290 omne
196 253 283 303 genus
301 240 396 289 coetus
413 242 443 289 et
460 239 551 289 motus
569 235 740 305 expcrLundo

99 312 214 366 tandem
231 312 392 366 conveniant
410 328 443 365 ea
461 327 530 379 quae
548 315 679 365 convecta
695 316 811 381 repento

100 404 261 458 magnarum
278 404 370 442 rerum
387 388 457 441 liunt
475 388 586 442 exordia
605 405 694 457 saepe,
917 403 959 442 sse

100 466 184 520 terrai
202 465 285 519 maris
302 467 332 518 ot
349 464 417 518 caeli
434 464 598 532 generisque
617 466 794 520 animantum.

137 542 191 596 llic
208 557 297 610 neque
314 543 375 594 tum
393 540 458 594 solis
475 544 537 594 rota
554 541 629 594 cerni
647 540 748 596 lumine
764 542 843 610 largo

99 617 243 672 altivolans
261 620 372 685 poterat
390 633 441 671 nec
457 617 549 684 magni
569 617 660 671 sidera
677 619 773 672 muudi

99 711 150 748 nec
167 709 243 747 maro
261 708 311 746 nec
329 693 434 747 caelum
451 709 502 746 nec
521 692 640 762 denique
657 699 732 749 terra
749 712 840 764 neque
857 712 907 750 aer

99 786 150 823 noc
168 768 264 823 similis
281 768 383 823 nostris
400 768 484 823 rebus
502 786 548 823 res
565 769 623 823 ulla
639 770 735 839 videri,
918 787 963 825 aasv

99 845 149 899 scd
165 861 236 898 nova
252 846 403 914 tempestas
421 845 557 914 quaedam
575 845 716 915 molesque
733 851 827 902 coorta

51 932 85 965 ⁴⁴⁰
99 937 178 974 omno
196 936 283 988 genus
301 921 337 975 de
354 922 501 990 principiis,
521 922 657 976 discordia
675 940 792 992 quorum

97 997 242 1051 intervalla
259 997 317 1051 vias
335 1010 454 1051 conexus
469 999 596 1065 pondera
613 1001 708 1069 plagas

98 1090 244 1127 concursus
262 1077 352 1126 motus
370 1072 502 1127 turbabat
519 1074 623 1143 proelia
639 1076 762 1145 miscens,

97 1153 212 1218 propter
228 1147 366 1203 dissimilis
384 1150 485 1204 formas
502 1150 647 1220 variasque
664 1152 765 1220 figuras
916 1167 956 1206 oso

98 1226 174 1294 quod
191 1242 245 1279 non
263 1225 355 1279 emnia
372 1226 410 1279 sic
428 1228 558 1294 poterant
575 1227 718 1282 coniuncta
735 1245 847 1283 manere

51 1321 85 1353 us
99 1305 257 1356 neomutus
275 1302 348 1356 inter
366 1318 425 1356 sese
443 1302 511 1356 dare
528 1305 720 1358 convenientis.

51 1388 84 1421 ⁴³⁷
99 1376 233 1446 diffugere
250 1378 315 1432 inde
332 1378 383 1432 loci
400 1381 495 1446 partes
514 1395 628 1447 coepere
646 1396 781 1449 paresque

98 1469 159 1506 cum
178 1453 289 1522 panibus
307 1455 382 1522 iungi
400 1470 446 1507 res
463 1458 493 1508 ct
510 1454 665 1509 discludere
684 1458 816 1510 mundum
896 1478 903 1490 ’

98 1529 276 1599 membraque
295 1530 418 1584 dividere
435 1534 465 1584 et
483 1548 596 1599 magnas
615 1532 760 1601 disponere
777 1537 878 1602 partes,
915 1549 953 1588 su

51 1619 84 1652 se
98 1603 149 1658 hoo
167 1608 217 1673 est
235 1622 252 1659 a
269 1608 351 1660 terris
368 1607 454 1660 altum
473 1623 615 1661 secernere
634 1609 746 1674 eaelum,

98 1684 128 1734 et
145 1696 249 1735 sorsum
268 1698 344 1736 mare
360 1682 403 1736 uti
421 1681 526 1736 secreto
544 1688 639 1737 umore
657 1688 773 1752 pateret,

98 1772 206 1810 seorsus
224 1757 290 1811 item
309 1757 370 1826 puri
388 1759 542 1827 secretique
558 1760 677 1813 aetheris
695 1761 779 1829 ignes.

134 1833 241 1902 Quippe
258 1834 359 1887 etenim
377 1835 495 1902 primum
513 1836 598 1889 terrai
615 1852 729 1904 corpora
746 1853 880 1906 quaeque,

97 1912 244 1978 propterea
262 1909 335 1977 quod
355 1914 434 1964 erant
450 1911 545 1978 gravia
562 1915 592 1965 et
609 1912 748 1982 perplexa,
767 1913 877 1968 coibant
914 1929 952 1969 seo

96 1984 126 2039 in
144 1984 235 2039 medio
253 1989 338 2054 atque
355 1986 424 2039 imas
442 1987 587 2057 capiebant
605 1989 696 2042 omnia
713 1989 808 2055 sedem

97 2079 168 2131 quae
185 2065 287 2131 quanto
305 2062 391 2131 magis
408 2063 483 2116 inter
500 2080 530 2117 se
547 2064 678 2133 perplexa
694 2065 811 2133 coibant,

97 2141 155 2193 tum
172 2139 259 2206 magis
277 2155 437 2207 expressere
454 2156 487 2193 ea
505 2157 577 2208 quae
594 2157 671 2195 mare
688 2142 780 2196 sidera
797 2142 883 2196 solem

96 2215 243 2284 lunamque
260 2214 399 2269 efficerent
416 2219 446 2269 et
463 2216 555 2284 magni
572 2218 679 2271 moenia
695 2218 797 2272 mundi.

96 2292 187 2345 munia
204 2291 276 2344 enim
294 2291 380 2359 magis
397 2292 500 2347 haece
516 2292 622 2347 levibus
640 2297 723 2363 atque
740 2293 868 2349 rutundis
910 2294 951 2349 'ass

97 2368 246 2421 seminibus
263 2368 405 2438 multoque
423 2368 567 2423 minoribu’
586 2374 652 2424 sunt
669 2370 812 2425 elementis

98 2461 180 2512 quam
199 2443 287 2498 tellus.
305 2444 375 2514 ideo,
393 2462 443 2513 per
461 2462 524 2499 rara
541 2447 679 2512 foramina,
696 2450 789 2501 terrae

97 2521 223 2589 partibus
240 2537 385 2589 crumpens
403 2522 507 2590 primus
525 2539 555 2576 se
573 2523 683 2577 sustulit
700 2524 797 2577 aether

97 2597 196 2665 ignifer
213 2600 243 2651 et
260 2597 361 2651 multos
379 2614 470 2652 secum
488 2597 556 2652 levis
574 2598 688 2657 abstulit
705 2598 782 2667 iguis,

97 2687 152 2726 non
169 2672 222 2726 alia
239 2673 319 2741 longe
337 2674 444 2728 ratione
462 2690 494 2728 ac
512 2691 593 2742 saepe
612 2675 742 2743 videmus,
911 2689 950 2730 sse

98 2765 181 2802 aurea
199 2751 396 2817 cumprimum
414 2751 578 2818 gemmantis
595 2767 658 2804 rore
676 2767 727 2819 per
743 2749 844 2805 herbas

97 2823 232 2873 matutina
249 2823 349 2876 rubent
366 2824 465 2877 radiati
483 2824 585 2878 lumina
603 2826 667 2878 solis

97 2892 280 2958 exlialantquo
297 2896 373 2949 lacus
390 2898 518 2951 nebulam
536 2899 666 2967 fluviique
682 2917 823 2968 perennes,

96 2963 210 3028 ipsaque
228 2969 272 3017 ut
277 2969 416 3023 interdum
435 2973 517 3026 tellus
535 2976 640 3028 fumare
658 2976 783 3042 videtur;

96 3035 186 3084 emnia
204 3053 275 3101 quae
292 3058 400 3095 sursum
418 3062 480 3098 cum
498 3049 708 3118 conciliantun'
700 3069 729 3105 m
746 3051 803 3106 alto
913 3067 952 3108 lus

95 3118 208 3181 corpore
220 3118 351 3166 concreto
369 3116 521 3173 subtexunt
538 3123 631 3176 nubila
648 3093 761 3181 edelum
