2176 3404
512 114 562 170 VI

52 235 61 245 ·
112 219 254 274 disturbat
271 218 354 272 urbes
372 222 402 272 et
418 221 510 272 terrae
526 220 622 287 motus
635 216 757 272 obortus:

113 296 258 364 multaque
275 298 422 364 praeterea
438 292 599 348 cecideruut
615 294 723 348 moenia
740 294 846 362 magnis

113 372 237 426 motibus
254 370 283 425 in
300 370 384 425 terris
402 373 432 425 et
449 370 553 423 multae
569 386 621 438 per
638 386 714 424 mare
731 386 841 438 pessum

113 447 266 503 subsedere
284 448 341 502 suis
358 447 465 516 pariter
482 463 544 503 cum
562 446 667 501 civibus
684 447 773 501 urbes
938 462 975 501 seo

114 523 190 592 quod
208 523 262 577 nisi
278 523 444 593 prorumpit,
461 526 556 578 tamen
573 522 694 593 impetus
711 524 772 592 ipse
787 524 888 578 animai

112 603 144 654 et
161 598 222 654 fera
239 600 280 654 vis
297 600 373 655 venti
389 615 440 668 per
456 599 554 653 crebra
571 599 704 653 foramina
721 602 814 654 terrae

114 675 280 744 dispertitur
295 680 328 731 ut
345 676 443 730 horror
460 678 490 729 et
507 674 607 729 incutit
623 675 689 730 inde
705 678 871 743 tremorem3

113 752 203 819 frigus
220 751 263 806 uti
280 756 388 807 nostros
405 750 515 821 penitus
526 768 595 811 ,cum
614 752 734 806 venitin
752 756 838 819 artus,

115 829 240 882 concutit
257 828 358 882 invitos
375 844 475 896 cogens
493 830 614 881 tremere
630 831 714 897 atque
731 845 848 883 movere.
935 843 972 882 sos

115 903 231 972 ancipiti
248 903 391 973 trepidant
408 903 494 972 igitur
511 905 618 957 terrore
636 920 686 972 per
703 903 787 972 urbis,

115 983 193 1033 tecta
210 996 328 1048 superne
345 980 453 1047 timent,
470 981 599 1033 metuunt
615 979 722 1035 inferne
739 997 869 1035 cavernas

115 1055 203 1109 terrai
220 1072 256 1109 ne
274 1054 405 1110 dissoluat
422 1058 523 1109 natura
540 1059 662 1125 repente,

115 1148 171 1185 neu
189 1131 323 1185 distracta
340 1148 419 1186 suum
437 1132 494 1186 late
511 1132 660 1202 dispandat
677 1132 783 1187 lriatum

116 1208 209 1276 adque
226 1208 282 1261 suis
300 1208 411 1262 confusa
428 1207 495 1262 velit
513 1208 651 1277 conrplere
669 1208 761 1263 ruinis.
940 1223 977 1263 ooo

115 1284 235 1354 proinde
251 1283 317 1338 licet
334 1284 458 1353 quamvis
476 1284 582 1338 caelum
600 1287 759 1354 terramque
777 1288 892 1340 reantur

115 1361 277 1429 incorrupta
293 1360 352 1414 fore
369 1364 499 1414 aeternae
516 1359 646 1414 mandata
663 1360 760 1426 saluti3

117 1439 147 1490 et
164 1439 259 1490 tamen
276 1436 427 1505 interdum¹
435 1452 566 1505 praesens
583 1436 625 1490 vis
641 1436 703 1506 ipsa
719 1436 815 1506 pericli

118 1512 215 1569 subdit
232 1515 262 1566 et
279 1511 351 1565 hunc
371 1511 514 1566 stimulum
530 1511 650 1581 quadam
667 1512 704 1566 de
720 1518 800 1582 parte
816 1514 929 1578 umoris,

117 1606 153 1647 ne
171 1587 290 1657 pedibus
312 1589 414 1658 raptim
432 1589 515 1643 tellus
533 1588 675 1643 subtracta
693 1590 798 1644 feratur
940 1604 977 1643 ooo

117 1664 146 1718 in
164 1665 325 1718 barathrum
343 1681 489 1733 rerumque
507 1667 640 1731 sequatur
656 1665 768 1733 prodita
785 1682 890 1720 summa

117 1741 243 1796 funditus
261 1744 291 1795 et
308 1742 358 1795 fiat
375 1740 471 1797 mundi
489 1741 601 1797 confusa
616 1741 701 1794 ruina

153 1817 305 1887 [Principio
322 1833 399 1871 mare
416 1816 553 1871 mirantur
570 1833 624 1871 non
641 1816 760 1872 reddere
777 1819 864 1874 maius

118 1899 254 1960 naturam,
272 1910 327 1961 quo
345 1894 382 1947 sit
399 1896 494 1947 tantus
512 1892 642 1947 decursus
659 1909 799 1962 aquarum,

118 1970 209 2025 omnia
226 1987 288 2040 qno.
298 1971 410 2025 veniant
427 1970 554 2027 exomni
572 1969 683 2023 flumina
699 1973 786 2038 parte.
826 1968 829 1973 ’
940 1985 978 2024 om

118 2048 192 2102 adde
210 2063 294 2114 vagos
311 2046 407 2100 imbris
425 2049 660 2116 tempestatesque
678 2045 809 2114 volantes,

117 2124 209 2178 omnia
226 2140 297 2191 quae
312 2123 398 2177 maria
410 2130 447 2177 'ae
464 2125 554 2177 terras
573 2125 761 2191 spargrmtque
778 2122 942 2191 rigantque;

117 2200 191 2255 adde
208 2217 272 2254 suos
289 2200 388 2266 fontis3
405 2202 498 2254 tamen
514 2199 551 2253 ad
568 2200 651 2254 maris
669 2199 760 2253 omnia
778 2216 911 2253 summam

117 2277 209 2345 guttai
227 2275 272 2329 vix
290 2275 377 2330 instar
395 2278 477 2330 erunt
493 2276 572 2330 unius
590 2275 759 2344 adaugmen3

119 2370 174 2421 quo
187 2353 277 2406 minus
289 2356 333 2408 est
347 2352 446 2406 mirum
458 2367 534 2405 mare
546 2369 600 2405 non
613 2368 758 2419 augescere
770 2369 906 2420 magnum.
941 2367 978 2407 em

118 2433 263 2497 praeterea
280 2445 407 2496 magnam
425 2428 465 2482 sol
482 2431 590 2496 partem
609 2427 732 2482 detrahit
751 2434 838 2484 aestu.

118 2505 221 2575 quippe
240 2505 365 2558 videmus
382 2505 454 2558 eninr
472 2505 556 2558 vestis
573 2521 669 2558 umore
686 2504 823 2560 madentis

118 2583 256 2636 exsiccare
275 2582 330 2636 suis
347 2581 433 2635 radiis
450 2580 605 2635 ardentibu'
623 2582 722 2636 solem:

117 2663 146 2712 at
164 2659 262 2728 pelage
279 2658 366 2711 multa
384 2662 414 2713 et
430 2659 486 2712 late
504 2657 644 2712 substrata
662 2658 792 2712 videmus.

116 2734 232 2804 proinde
251 2735 316 2788 licet
333 2735 459 2803 quamvis
477 2751 511 2788 ex
529 2751 583 2788 uno
602 2751 711 2803 quoque
729 2735 788 2788 loco
806 2734 847 2788 sol
938 2751 976 2791 aa)

117 2811 221 2865 umoris
239 2824 351 2880 parvam
370 2810 474 2865 delibet
490 2810 526 2864 ab
543 2827 661 2880 aequore
678 2814 803 2879 partem3

117 2887 233 2957 largiter
250 2888 279 2941 in
297 2890 376 2942 tanto
396 2887 485 2958 spatio
503 2890 596 2942 tamen
615 2886 724 2942 auferet
741 2888 832 2943 undis.

118 2967 179 3019 tum
197 2963 372 3033 pertenenti
390 2981 499 3034 quoque
518 2982 644 3034 magnam
661 2964 759 3020 tollere
776 2970 885 3034 partem

120 3040 222 3093 umoris
239 3042 355 3109 possunt
372 3044 514 3094 verrentes
531 3058 657 3108 aequora,
674 3042 764 3096 ventis

120 3131 175 3169 uara
193 3119 275 3168 nocte
293 3115 350 3167 vias
367 3115 493 3181 quoniam
511 3130 644 3182 persaepe
662 3115 786 3167 videmus
941 3130 977 3167 eas

121 3191 217 3244 siccari
235 3189 378 3255 mollisque
396 3187 446 3239 luti
465 3204 640 3239 concrescere
657 3193 770 3241 crustas.
