2176 3404
92 101 153 161 190
485 101 535 158 VI

89 203 237 259 interclusa
255 200 346 260 anima
362 197 446 258 nimia
463 203 499 258 ab
516 202 663 260 duleedine
680 219 821 273 aquarum,
836 142 862 183 χ

90 280 232 348 multaque
248 295 299 349 per
316 279 410 350 populi
427 280 530 349 passim
548 281 608 335 loeu
624 285 755 351 prompta
771 282 886 351 viasque

90 355 221 425 languida
236 357 387 410 semanimo
404 372 466 410 eum
484 372 599 426 eorpere
616 357 741 412 membra
758 357 867 413 videres

91 432 204 487 horrida
222 431 342 502 paedore
360 434 391 485 et
408 432 506 502 pannis
523 437 653 502 eoeperta
669 434 760 503 perire

90 510 213 578 eorporis
230 508 338 576 inluvie,
356 506 422 578 pelli
440 523 523 578 super
540 509 647 564 ossibus
663 525 725 576 uun
898 525 951 567 1270

89 583 228 639 ulceribus
246 582 344 639 teeb'is
361 599 448 653 prope
466 584 520 639 iem
537 585 667 654 sordiqne
684 586 800 655 sepulta

91 661 182 715 omnia
199 659 318 728 denique
336 662 431 715 sanda
448 660 531 715 deum
549 659 666 716 delubra
683 662 806 732 replerat

62 751 66 756 ’
90 736 250 806 (torporibus
267 748 341 790 mors
359 736 491 790 exanimis
509 740 677 807 onerataque
694 738 796 807 passim

90 816 190 868 cuneta
206 812 387 867 cadaveribus
405 812 555 868 caelestum
573 814 677 883 templa
693 814 815 881 tenebat,

90 888 244 959 hospitibus
261 887 319 942 loen
336 905 407 958 quae
425 889 594 958 complerant
611 889 794 945 eeditnentes.
898 904 951 946 1275

91 982 142 1020 nee
159 965 213 1019 iem
230 964 326 1033 religio
344 964 436 1019 divom
453 981 504 1019 nee
521 966 631 1020 numina
648 966 740 1034 magui

91 1041 283 1111 pendebantur
301 1041 388 1097 enim:
407 1057 537 1110 praesens
555 1040 634 1095 dolor
651 1040 843 1110 exsuperabat

91 1135 141 1174 nee
158 1134 218 1173 mos
233 1118 281 1177 ille
298 1118 455 1187 sepulturae
472 1116 633 1172 remanebat
649 1116 679 1170 iu
695 1116 772 1184 urbe

91 1211 146 1264 qno
162 1195 223 1264 pius
240 1195 285 1250 bie
301 1194 418 1265 populus
435 1209 544 1263 semper
561 1196 705 1249 eonsuerat
721 1193 844 1259 human‘3

92 1271 270 1340 perturbatus
287 1271 361 1329 enim
377 1273 455 1325 totns
472 1269 638 1339 trepidabat,
657 1274 687 1326 et
703 1287 774 1325 unus
895 1285 948 1326 ree)
1034 1322 1040 1337 ,

92 1347 208 1416 quisque
224 1362 304 1401 suum
320 1361 372 1416 pro
389 1362 420 1400 re
433 1347 581 1414 praesenti
598 1350 725 1402 maestus
736 1346 875 1402 humabat

93 1423 235 1492 multaque
252 1439 298 1477 res
315 1421 407 1476 subita
424 1425 454 1476 et
471 1424 621 1492 paupertas
637 1422 751 1477 horride
767 1422 861 1477 suasit

92 1515 210 1568 nemque
227 1514 290 1551 sues
306 1498 521 1565 consanguineos
537 1498 626 1553 alienu
642 1514 771 1567 regenam

93 1575 204 1644 insuper
221 1576 349 1629 extructa
364 1572 471 1642 ingenti
486 1573 606 1628 clamere
623 1573 749 1629 lucebunt

93 1650 301 1719 subdebantlue
316 1651 397 1717 sanes,
414 1649 501 1704 multo
518 1666 581 1704 eum
598 1649 728 1719 sanguiue
746 1665 828 1719 saepe
895 1663 946 1705 nass

93 1727 215 1783 rianntes
230 1726 323 1798 potius
340 1742 422 1796 quam
438 1741 554 1796 corpora
570 1725 771 1781 desererentur.
