2190 3398
558 118 594 176 II
959 125 997 187 51

181 225 253 293 erin
270 223 354 280 ctiam
371 224 474 293 quante
490 222 519 276 in
536 224 631 291 partes
648 237 694 278 rec
710 238 836 294 quaeque
852 225 973 284 minutas

145 302 311 360 distraham
327 299 422 366 magis,
440 299 491 352 hec
508 298 596 366 magis
613 301 657 353 est
673 302 706 355 ut
723 316 838 356 eernere
853 304 943 373 possis

145 384 311 434 evanescere
325 376 460 446 paulatim
479 375 635 443 stinguique
651 376 786 441 colorerm

144 462 179 511 ut
196 457 229 509 tit
245 455 292 508 ubi
309 454 338 507 in
355 469 454 524 parvas
470 452 559 523 partis
577 452 742 522 discerpitur
759 459 898 509 austrum:

143 546 269 602 purpure
286 532 487 602 poeniceusque
505 529 580 584 celer
598 530 754 584 clarissimu’
773 530 868 598 multo,
963 548 1001 587 seo

145 609 244 663 filatim
262 625 323 662 cunr
341 607 506 661 distractum
525 610 576 673 est,
594 607 763 676 dispergitur
780 608 882 674 omnis;

144 701 260 739 noscere
277 688 309 739 ut
326 684 389 738 lrine
407 685 494 754 pessis
511 685 587 754 prius
604 700 712 738 emnem
729 683 822 737 efflare
838 683 957 739 colorem

144 762 295 831 particulas
313 778 395 831 quarn
415 761 559 815 discedant
576 760 612 814 ad
630 761 734 814 semina
751 776 850 814 rerum.

183 838 327 893 Postremo
344 838 471 907 quoniam
491 853 544 890 non
563 837 652 891 onmia
669 850 784 911 corpora
800 852 895 893 recem
912 840 967 884 υ

144 914 260 970 mittere
276 915 402 970 concedis
419 930 508 983 neque
526 914 645 982 oderem,
663 917 809 983 prepterea
825 913 859 968 nt
963 930 1000 969 sse

144 993 179 1044 ut
195 1007 250 1044 non
268 992 393 1046 omnibns
410 991 551 1046 adtribuas
569 991 673 1044 sonitus
690 994 720 1044 et
737 989 842 1045 odores.

145 1067 186 1122 sic
204 1067 288 1121 oculis
305 1069 432 1136 (quoniam
449 1084 503 1122 non
521 1067 612 1120 omnia
628 1080 741 1121 cernere
758 1067 872 1136 quimus,

145 1143 217 1198 scire
235 1143 300 1198 licet
316 1143 452 1213 quaedam
469 1147 526 1197 tarn
543 1145 669 1197 constare
686 1142 754 1197 orba
770 1144 860 1198 celere

145 1236 229 1288 quam
247 1219 305 1274 sinc
322 1219 407 1274 odore
424 1219 480 1273 ullo
497 1219 632 1288 quaedam
650 1220 795 1288 sonituque
811 1221 935 1286 remota.

144 1306 197 1350 nec
208 1295 298 1350 minuis
310 1296 377 1350 haec
388 1296 508 1349 animum
520 1311 683 1364 cognoscere
694 1311 774 1364 posse
786 1309 911 1363 sagacem
961 1308 999 1349 ere

145 1388 229 1441 quam
247 1389 318 1442 quae
335 1375 399 1427 sunt
416 1371 476 1426 aliis
492 1371 576 1426 rebus
592 1372 702 1441 privato
718 1375 820 1425 notare.

181 1447 239 1502 Sed
255 1465 291 1502 ne
308 1448 380 1504 forte
397 1453 479 1519 putes
496 1447 554 1502 sole
571 1447 689 1523 spoliata
706 1447 796 1502 colore

145 1539 262 1593 corpora
279 1526 367 1594 prima
383 1541 501 1592 manere,
520 1524 604 1578 etiam
621 1527 729 1579 secreta
747 1525 852 1593 teporis

144 1603 212 1653 surrt
229 1617 260 1654 ac
277 1601 385 1670 frigoris
402 1601 511 1655 omnino
528 1601 665 1669 calidique
682 1601 797 1670 vaporis,

146 1679 177 1730 ot
194 1677 285 1730 sonitu
303 1678 396 1733 sterila
413 1681 443 1731 et
460 1694 525 1732 suco
541 1677 632 1731 ieiuna
647 1676 781 1744 feruntur,
960 1696 998 1736 scs

145 1768 197 1806 nee
213 1753 316 1807 iaciunt
333 1753 417 1807 ullum
436 1753 577 1822 proprium
595 1753 631 1807 de
649 1769 762 1823 corpore
779 1753 900 1810 oderem.

145 1828 218 1882 sicut
234 1830 379 1890 amaracini
397 1829 527 1882 blandum
546 1832 703 1898 stactaeque
720 1829 851 1899 liquorem

145 1907 177 1958 et
194 1904 274 1958 nardi
292 1905 393 1971 florem,
410 1908 505 1960 nectar
523 1906 570 1973 qui
586 1905 697 1959 naribus
714 1904 796 1974 halaat,

144 1997 209 2034 cnm
226 1981 317 2035 facere
333 1981 469 2048 instituas,
487 1997 548 2034 enm
566 1982 661 2051 primis
680 1997 812 2050 quaerere
829 1989 949 2052 parcet,

144 2056 238 2125 quoad
254 2056 319 2111 lieet
336 2073 368 2111 ac
385 2058 458 2127 potis
475 2073 505 2111 es
522 2056 652 2127 reperire,
669 2057 794 2112 inolentis
811 2060 874 2114 oliui
960 2077 997 2115 sm

144 2134 280 2199 naturam,
298 2132 399 2186 nullam
417 2148 487 2201 quae
503 2133 599 2210 mittat
616 2133 727 2187 naribus
745 2150 847 2202 auram,

143 2224 228 2276 qnam
244 2208 355 2262 minime
372 2212 404 2263 ut
421 2210 508 2278 possit
524 2209 624 2264 mixtos
641 2210 670 2263 in
688 2226 801 2279 corpore
818 2211 917 2266 oderes

144 2286 343 2353 concoctosque
361 2301 410 2338 sue
428 2288 600 2360 contractans
617 2286 736 2355 perdere
753 2287 819 2354 vire,

142 2362 260 2428 propter
279 2360 394 2414 eandem
412 2377 474 2415 rem
491 2360 596 2415 debent
612 2362 762 2431 primordia
778 2380 870 2418 rerum

144 2450 200 2488 non
218 2435 350 2490 adhibere
368 2453 453 2490 snum
464 2437 610 2505 &grundis
627 2438 708 2491 rebus
726 2438 839 2494 ederem
961 2458 998 2498 ses

142 2527 195 2565 nee
214 2512 339 2579 sonitum,
358 2512 485 2581 quoniam
503 2513 540 2566 nil
559 2513 594 2567 ab
612 2530 641 2567 se
658 2515 771 2568 mittere
788 2518 910 2585 pessunt,

142 2603 196 2641 nce
215 2586 297 2642 simili
314 2589 420 2642 ratione
439 2605 564 2658 saperem
584 2589 702 2658 denique
718 2607 882 2659 quemquam

140 2679 194 2717 nce
211 2663 299 2733 frigus
318 2681 407 2733 neque
423 2665 490 2718 item
509 2665 626 2718 calidum
645 2665 825 2736 tepidumque
842 2683 979 2738 vaporem,

141 2744 252 2805 cetera3
265 2756 335 2809 quae
347 2757 409 2795 cmn
422 2741 462 2794 ita
474 2745 537 2793 sunt
549 2746 643 2795 tamen
655 2746 688 2795 ut
700 2742 825 2797 mortalia
837 2748 971 2809 constent,
993 2774 1008 2793 -,

139 2796 217 2870 1ηὸΠί
236 2815 320 2884 lenta,
337 2817 446 2884 fragosa
464 2817 545 2884 putri,
564 2833 630 2871 cava
648 2834 849 2888 tempererare,
961 2836 998 2874 eso

141 2891 234 2945 omnia
252 2893 308 2946 sint
325 2909 342 2946 a
359 2893 498 2962 principiis
516 2892 638 2948 seiuncta
655 2898 802 2962 necessest,

136 2968 300 3023 inmortalia
317 2969 340 3021 si
358 2969 481 3023 velumus
498 2968 663 3036 subiungere
680 2969 763 3024 rebus

139 3043 325 3098 fundamenta
342 3044 441 3114 quibus
457 3043 562 3096 nitatur
580 3060 687 3096 summa
704 3044 814 3106 salutis;

140 3135 178 3185 ue
196 3119 248 3173 tibi
266 3136 312 3174 res
329 3121 447 3176 redeant
464 3117 501 3171 ad
518 3117 603 3170 nilum
620 3117 744 3170 funditus
762 3131 862 3169 omncs.

153 3232 157 3241 ·
177 3195 258 3250 Nunc
271 3212 388 3267 eaquae
399 3194 502 3250 sentire
513 3190 637 3245 ridemus
648 3206 764 3255 cumque
775 3189 915 3241 necessest
961 3199 999 3234 scs

1018 3294 1094 3382 Δ
