2176 3404
520 101 568 157 VI
911 101 979 158 '185

107 225 191 277 quac
209 223 362 261 memorare
379 221 478 275 queam
495 205 570 260 inter
586 222 617 261 se
634 205 790 274 singlariter
804 208 880 275 apta

111 301 188 339 saxa
205 282 283 337 rides
300 284 420 352 primum
436 282 497 336 sola
513 282 649 338 colescere
666 282 747 338 calce

112 360 229 428 glutino
245 360 375 414 materias
392 359 500 413 taurino
517 358 641 427 iungitur
657 376 720 428 uno,

112 439 149 490 ut
170 436 239 490 vitio
257 452 344 491 venae
361 435 517 490 tabidarum
534 436 644 506 saepius
661 437 770 492 hiscant
931 446 980 490 107⁰

114 532 204 585 qnam
223 514 316 569 laxare
333 520 436 583 queant
452 532 598 586 compages
614 521 712 572 taurea
728 514 824 571 vinela.

114 591 235 660 vitigeni
252 590 347 646 latices
364 590 448 661 aqiiai
465 592 588 647 fontibus
605 592 709 646 audent

115 668 239 735 misceri,
256 684 319 722 cum
336 668 384 738 pix
401 672 521 738 nequeat
537 670 630 736 pravis
645 673 677 724 et
693 669 753 723 levo
769 667 877 720 clivom.

114 761 331 815 purpureusque
342 745 422 799 colos
439 745 561 814 conchyli
577 746 701 815 iungitur
717 761 772 799 uno

115 838 236 891 corpore
247 838 310 876 oum
322 822 408 890 ansa
420 822 513 876 dirimi
524 822 573 890 qui
584 839 639 876 non
650 826 735 892 queat
745 837 870 891 usquam,
933 831 982 875 107⁶

116 915 177 952 non
194 898 218 951 si
236 899 262 952 N
264 900 360 968 eptrmi
378 899 464 954 fluctu
481 915 614 954 renovare
630 916 742 970 operam
759 898 818 966 des,

117 991 183 1039 non,
201 991 277 1029 mare
295 975 318 1028 si
337 979 427 1030 totum
446 977 513 1031 velit
530 976 624 1031 eluere
641 978 767 1031 omnibus
783 974 873 1029 undis.

118 1050 242 1120 denique
258 1067 313 1106 non
330 1068 397 1106 arno
415 1069 459 1106 res
477 1069 575 1106 aurum
592 1054 703 1123 copulat
720 1069 774 1106 una

118 1127 234 1196 aerique
251 1143 298 1182 aes
315 1128 428 1198 plumbo
445 1129 478 1184 iit
495 1130 538 1183 uti
554 1130 686 1198 iungatur
702 1127 738 1183 ab
754 1128 835 1183 albol

117 1207 215 1259 cetera
232 1204 287 1258 tom
304 1221 386 1274 quam
403 1206 491 1261 multa
507 1206 573 1261 licet
589 1205 724 1275 reperire!
741 1204 811 1272 quid
828 1203 913 1270 ergol
932 1215 981 1256 msc

119 1296 174 1334 nec
191 1280 244 1334 tibi
261 1285 320 1335 tam
338 1281 512 1351 longisopus
529 1286 574 1337 est
590 1282 751 1350 ambagibus
767 1295 891 1348 usquam,

120 1373 173 1410 nee
190 1374 236 1412 me
252 1360 310 1412 mm
327 1359 442 1413 multam
459 1359 504 1413 hio
520 1374 633 1427 opernm
650 1373 811 1412 consumere
828 1371 879 1425 par
894 1358 947 1421 est,

121 1433 173 1486 scd
189 1432 311 1487 breviter
327 1435 423 1502 'paucis
439 1438 564 1505 praestat
580 1434 779 1505 comprendere
796 1432 889 1487 mirlta.

122 1525 239 1577 quorum
257 1511 297 1564 ita
314 1513 443 1564 texturae
460 1510 621 1566 cecideruut
636 1514 734 1565 mutua
751 1513 854 1574 metra,

121 1589 240 1641 utcava
257 1588 420 1641 conueniant
435 1587 525 1657 plenis
542 1587 610 1642 haee
628 1587 701 1641 illius
717 1587 764 1642 illa
933 1597 981 1638 ross

121 1659 257 1731 huiusque
274 1663 348 1717 inter
365 1678 403 1731 ss,
420 1664 548 1718 iunctura
564 1663 632 1718 haee
649 1663 755 1731 optima
771 1664 886 1717 mustst

122 1742 166 1793 est
184 1739 276 1807 etiam,
295 1740 374 1810 qussi
390 1743 423 1795 ut
440 1740 536 1795 anellis
553 1739 698 1809 hamisque
714 1740 817 1810 plicata

122 1815 197 1870 inter
214 1832 245 1870 sc
262 1815 398 1886 quaedam
415 1815 523 1885 possint
539 1816 648 1885 coplata
663 1818 767 1881 teneri3

124 1892 199 1960 quod
217 1893 304 1962 magis
320 1893 350 1946 in
365 1892 460 1964 lapido
477 1892 529 1947 boc
546 1892 607 1946 fieri
623 1893 754 1963 fenoque
770 1892 887 1946 ridetur.

159 1969 186 2022 N
188 1985 240 2022 uuo
257 1968 329 2024 ratio
346 1986 416 2039 qnae
434 1969 470 2024 sit
486 1968 591 2022 morbis
608 1972 657 2024 aut
673 1969 748 2023 unde
764 1972 880 2038 repente
934 1980 982 2020 roso

125 2046 294 2099 mortiferam
311 2045 400 2115 possit
416 2045 523 2100 cladem
540 2045 658 2100 conflare
674 2048 770 2100 coorta

126 2121 252 2176 morbida
268 2121 310 2176 vis
327 2122 467 2176 homnium
484 2123 579 2191 generi
595 2122 787 2192 pecudumque
803 2120 929 2188 catervis,

126 2198 278 2268 expediam.
294 2198 413 2267 primum
430 2198 578 2252 multarum
596 2199 700 2253 semina
716 2214 810 2253 rerum

128 2291 187 2329 esse
206 2292 288 2344 supra
305 2275 387 2329 decri
405 2291 476 2344 quae
493 2275 549 2330 sint
566 2275 661 2330 vitalia
678 2274 764 2342 nobis,

124 2354 156 2406 ct
173 2355 269 2406 contra
286 2368 357 2420 quae
374 2351 430 2406 sint
447 2352 542 2406 morbo
559 2351 697 2419 mortique
714 2353 853 2405 necessest
935 2364 982 2404 ross

128 2429 213 2482 multo
231 2429 329 2484 volare.
345 2445 382 2484 ea
398 2445 461 2483 cum
478 2445 544 2484 casu
561 2431 626 2482 sunt
641 2428 715 2482 forte
732 2431 825 2482 coorta

128 2509 157 2559 ct
173 2505 372 2572 perturbarunt
387 2505 502 2573 oachim,
518 2506 552 2560 lit
569 2504 711 2559 morbidus
728 2521 783 2559 aer.

128 2585 210 2651 atque
227 2599 261 2636 ea
277 2583 320 2636 vis
336 2583 423 2636 omnis
440 2582 598 2636 morborum
615 2582 808 2652 pestilitasque

128 2663 175 2713 aut
192 2659 363 2714 extrinsecus
381 2662 412 2713 nt
429 2659 515 2714 nubes
532 2659 703 2729 nebulaeque
721 2675 839 2727 superno

128 2752 177 2805 per
193 2737 298 2790 caelum
316 2737 438 2805 veniunt,
455 2742 504 2791 aut
520 2736 581 2806 ipsa
598 2752 680 2806 saepe
697 2739 807 2791 coortae
935 2751 983 2791 noo

130 2811 255 2868 detersa
273 2816 397 2883 surgunt,
414 2813 463 2868 ubi
480 2816 608 2883 putorem
624 2813 720 2867 umida
736 2815 844 2868 nactast

130 2889 327 2959 intempestivis
344 2890 497 2961 pluviisque
512 2893 543 2945 et
560 2889 663 2945 solibus
679 2888 743 2944 iota

131 2982 216 3021 rrorrnc
234 2966 312 3021 vides
329 2968 414 3022 ctiam
431 2967 499 3023 caeli
516 2968 638 3022 novitate
656 2969 686 3020 et
702 2980 834 3033 aqrmrum

131 3043 257 3112 temptari
276 3043 369 3113 procul
387 3059 404 3096 a
421 3044 511 3112 patria
528 3044 693 3111 quicumque
711 3040 846 3109 domoque

132 3118 277 3173 adveniunt
293 3120 357 3176 ideo
375 3118 441 3187 quia
457 3118 538 3185 longe
556 3117 736 3186 discrepitant
753 3118 815 3169 resi
934 3127 982 3169 110⁶

132 3211 192 3249 nasu
208 3193 277 3263 quid
297 3193 435 3249 Brittanni
452 3193 557 3247 caelum
575 3193 686 3247 differre
703 3196 838 3262 putamus,
