<?xml version="1.0" encoding="UTF-8"?>
<!DOCTYPE html PUBLIC "-//W3C//DTD XHTML 1.0 Transitional//EN"
    "http://www.w3.org/TR/xhtml1/DTD/xhtml1-transitional.dtd">
<html xmlns="http://www.w3.org/1999/xhtml" xml:lang="en" lang="en">
 <head>
  <title>
</title>
<meta http-equiv="Content-Type" content="text/html;charset=utf-8" />
  <meta name='ocr-system' content='tesseract 3.04.00' />
  <meta name='ocr-capabilities' content='ocr_page ocr_carea ocr_par ocr_line ocrx_word'/>
</head>
<body>
  <div class='ocr_page' id='page_1' title='image "./tlucreticarider08munrgoog_0230.png"; bbox 0 0 2176 3404; ppageno 0'>
   <div class='ocr_carea' id='block_1_1' title="bbox 541 107 993 166">
    <p class='ocr_par' dir='ltr' id='par_1_1' title="bbox 541 107 993 166">
     <span class='ocr_line' id='line_1_1' title="bbox 541 107 993 166; baseline 0.007 -3"><span class='ocrx_word' id='word_1_1' title='bbox 541 107 587 164; x_wconf 87' lang='lat' dir='ltr'>Vl</span> <span class='ocrx_word' id='word_1_2' title='bbox 940 110 993 166; x_wconf 87' lang='grc'>181</span> 
     </span>
    </p>
   </div>
   <div class='ocr_carea' id='block_1_2' title="bbox 97 209 999 2278">
    <p class='ocr_par' dir='ltr' id='par_1_2' title="bbox 97 209 999 2278">
     <span class='ocr_line' id='line_1_2' title="bbox 119 209 998 281; baseline 0.002 -17"><span class='ocrx_word' id='word_1_3' title='bbox 119 209 194 264; x_wconf 71' lang='lat' dir='ltr'>:hoc</span> <span class='ocrx_word' id='word_1_4' title='bbox 212 210 297 278; x_wconf 82' lang='lat' dir='ltr'>igitar</span> <span class='ocrx_word' id='word_1_5' title='bbox 314 210 375 265; x_wconf 86' lang='lat' dir='ltr'>fieri</span> <span class='ocrx_word' id='word_1_6' title='bbox 392 226 502 281; x_wconf 85' lang='lat' dir='ltr'>quoque</span> <span class='ocrx_word' id='word_1_7' title='bbox 519 212 547 264; x_wconf 89' lang='lat' dir='ltr'>in</span> <span class='ocrx_word' id='word_1_8' title='bbox 564 211 611 265; x_wconf 93' lang='lat' dir='ltr'>illo</span> <span class='ocrx_word' id='word_1_9' title='bbox 628 212 705 265; x_wconf 81' lang='lat' dir='ltr'>fonte</span> <span class='ocrx_word' id='word_1_10' title='bbox 722 211 910 281; x_wconf 77' lang='lat' dir='ltr'><strong>putandumst.</strong></span> <span class='ocrx_word' id='word_1_11' title='bbox 961 227 998 266; x_wconf 81' lang='lat' dir='ltr'>eoo</span> 
     </span>
     <span class='ocr_line' id='line_1_3' title="bbox 180 288 928 359; baseline 0.003 -17"><span class='ocrx_word' id='word_1_12' title='bbox 180 288 261 354; x_wconf 82' lang='lat' dir='ltr'>Quod</span> <span class='ocrx_word' id='word_1_13' title='bbox 279 295 414 359; x_wconf 79' lang='lat' dir='ltr'><strong>superest,</strong></span> <span class='ocrx_word' id='word_1_14' title='bbox 432 306 514 358; x_wconf 81' lang='lat' dir='ltr'>agere</span> <span class='ocrx_word' id='word_1_15' title='bbox 530 289 657 358; x_wconf 86' lang='lat' dir='ltr'>incipiam</span> <span class='ocrx_word' id='word_1_16' title='bbox 675 305 730 358; x_wconf 92' lang='lat' dir='ltr'>quo</span> <span class='ocrx_word' id='word_1_17' title='bbox 747 288 860 344; x_wconf 82' lang='lat' dir='ltr'>loedere</span> <span class='ocrx_word' id='word_1_18' title='bbox 878 290 928 344; x_wconf 86' lang='lat' dir='ltr'>fiat</span> 
     </span>
     <span class='ocr_line' id='line_1_4' title="bbox 141 366 817 436; baseline -0.001 -15"><span class='ocrx_word' id='word_1_19' title='bbox 141 371 266 430; x_wconf 87' lang='lat' dir='ltr'>naturae,</span> <span class='ocrx_word' id='word_1_20' title='bbox 284 366 353 436; x_wconf 85' lang='lat' dir='ltr'>lapis</span> <span class='ocrx_word' id='word_1_21' title='bbox 370 367 416 421; x_wconf 92' lang='lat' dir='ltr'>hic</span> <span class='ocrx_word' id='word_1_22' title='bbox 433 370 466 420; x_wconf 92' lang='lat' dir='ltr'>ut</span> <span class='ocrx_word' id='word_1_23' title='bbox 482 367 587 420; x_wconf 81' lang='lat' dir='ltr'>ferrum</span> <span class='ocrx_word' id='word_1_24' title='bbox 604 366 705 420; x_wconf 91' lang='lat' dir='ltr'>ducere</span> <span class='ocrx_word' id='word_1_25' title='bbox 721 366 817 435; x_wconf 78' lang='lat' dir='ltr'><strong>possit,</strong></span> 
     </span>
     <span class='ocr_line' id='line_1_5' title="bbox 141 443 871 512; baseline 0.001 -15"><span class='ocrx_word' id='word_1_26' title='bbox 141 460 226 512; x_wconf 89' lang='lat' dir='ltr'>quem</span> <span class='ocrx_word' id='word_1_27' title='bbox 244 443 378 512; x_wconf 82' lang='lat' dir='ltr'>Magneta</span> <span class='ocrx_word' id='word_1_28' title='bbox 394 446 492 498; x_wconf 86' lang='lat' dir='ltr'>vocant</span> <span class='ocrx_word' id='word_1_29' title='bbox 508 443 599 512; x_wconf 88' lang='lat' dir='ltr'>patrio</span> <span class='ocrx_word' id='word_1_30' title='bbox 618 443 780 498; x_wconf 84' lang='lat' dir='ltr'>denomino</span> <span class='ocrx_word' id='word_1_31' title='bbox 797 443 871 512; x_wconf 84' lang='lat' dir='ltr'>Grai,</span> 
     </span>
     <span class='ocr_line' id='line_1_6' title="bbox 143 519 821 590; baseline 0.003 -17"><span class='ocrx_word' id='word_1_32' title='bbox 143 520 307 588; x_wconf 79' lang='lat' dir='ltr'>Magnetum</span> <span class='ocrx_word' id='word_1_33' title='bbox 325 520 390 590; x_wconf 90' lang='lat' dir='ltr'>quia</span> <span class='ocrx_word' id='word_1_34' title='bbox 407 520 441 575; x_wconf 85' lang='lat' dir='ltr'>lit</span> <span class='ocrx_word' id='word_1_35' title='bbox 457 520 554 590; x_wconf 84' lang='lat' dir='ltr'>patriis</span> <span class='ocrx_word' id='word_1_36' title='bbox 572 519 601 574; x_wconf 87' lang='lat' dir='ltr'>in</span> <span class='ocrx_word' id='word_1_37' title='bbox 618 520 719 574; x_wconf 88' lang='lat' dir='ltr'>linibus</span> <span class='ocrx_word' id='word_1_38' title='bbox 736 524 821 575; x_wconf 89' lang='lat' dir='ltr'>ortus.</span> 
     </span>
     <span class='ocr_line' id='line_1_7' title="bbox 141 596 999 667; baseline -0.002 -17"><span class='ocrx_word' id='word_1_39' title='bbox 141 597 215 651; x_wconf 88' lang='lat' dir='ltr'>hunc</span> <span class='ocrx_word' id='word_1_40' title='bbox 226 597 350 651; x_wconf 88' lang='lat' dir='ltr'>homines</span> <span class='ocrx_word' id='word_1_41' title='bbox 361 596 483 667; x_wconf 81' lang='lat' dir='ltr'>lapidem</span> <span class='ocrx_word' id='word_1_42' title='bbox 494 597 643 662; x_wconf 88' lang='lat' dir='ltr'>mirantur;</span> <span class='ocrx_word' id='word_1_43' title='bbox 662 596 766 666; x_wconf 88' lang='lat' dir='ltr'>quippo</span> <span class='ocrx_word' id='word_1_44' title='bbox 777 600 903 651; x_wconf 85' lang='lat' dir='ltr'>catenam</span> <span class='ocrx_word' id='word_1_45' title='bbox 961 611 999 650; x_wconf 87' lang='lat' dir='ltr'>ero</span> 
     </span>
     <span class='ocr_line' id='line_1_8' title="bbox 142 672 811 743; baseline 0 -16"><span class='ocrx_word' id='word_1_46' title='bbox 142 690 227 743; x_wconf 84' lang='lat' dir='ltr'>saepe</span> <span class='ocrx_word' id='word_1_47' title='bbox 245 690 280 727; x_wconf 81' lang='lat' dir='ltr'>ex</span> <span class='ocrx_word' id='word_1_48' title='bbox 297 674 392 728; x_wconf 89' lang='lat' dir='ltr'>anellis</span> <span class='ocrx_word' id='word_1_49' title='bbox 409 673 504 727; x_wconf 83' lang='lat' dir='ltr'>reddit</span> <span class='ocrx_word' id='word_1_50' title='bbox 520 672 703 742; x_wconf 81' lang='lat' dir='ltr'>pendentibus</span> <span class='ocrx_word' id='word_1_51' title='bbox 721 689 755 726; x_wconf 84' lang='lat' dir='ltr'>cx</span> <span class='ocrx_word' id='word_1_52' title='bbox 773 689 811 727; x_wconf 89' lang='lat' dir='ltr'>se.</span> 
     </span>
     <span class='ocr_line' id='line_1_9' title="bbox 143 749 903 820; baseline -0.001 -17"><span class='ocrx_word' id='word_1_53' title='bbox 143 751 265 820; x_wconf 89' lang='lat' dir='ltr'>quinque</span> <span class='ocrx_word' id='word_1_54' title='bbox 283 751 385 805; x_wconf 82' lang='lat' dir='ltr'>etenim</span> <span class='ocrx_word' id='word_1_55' title='bbox 402 749 469 804; x_wconf 92' lang='lat' dir='ltr'>licet</span> <span class='ocrx_word' id='word_1_56' title='bbox 486 749 625 804; x_wconf 88' lang='lat' dir='ltr'>interdum</span> <span class='ocrx_word' id='word_1_57' title='bbox 643 749 791 819; x_wconf 84' lang='lat' dir='ltr'>pluresque</span> <span class='ocrx_word' id='word_1_58' title='bbox 808 749 903 803; x_wconf 79' lang='lat' dir='ltr'>videre</span> 
     </span>
     <span class='ocr_line' id='line_1_10' title="bbox 143 825 760 893; baseline -0.003 -13"><span class='ocrx_word' id='word_1_59' title='bbox 143 826 242 880; x_wconf 87' lang='lat' dir='ltr'>ordine</span> <span class='ocrx_word' id='word_1_60' title='bbox 260 827 393 880; x_wconf 87' lang='lat' dir='ltr'>demissos</span> <span class='ocrx_word' id='word_1_61' title='bbox 410 825 516 880; x_wconf 86' lang='lat' dir='ltr'>levibus</span> <span class='ocrx_word' id='word_1_62' title='bbox 533 827 662 880; x_wconf 79' lang='lat' dir='ltr'>iactarier</span> <span class='ocrx_word' id='word_1_63' title='bbox 678 826 760 893; x_wconf 87' lang='lat' dir='ltr'>auris,</span> 
     </span>
     <span class='ocr_line' id='line_1_11' title="bbox 142 902 844 973; baseline 0.001 -17"><span class='ocrx_word' id='word_1_64' title='bbox 142 919 215 957; x_wconf 90' lang='lat' dir='ltr'>unus</span> <span class='ocrx_word' id='word_1_65' title='bbox 225 903 280 956; x_wconf 90' lang='lat' dir='ltr'>-ubi</span> <span class='ocrx_word' id='word_1_66' title='bbox 297 920 332 957; x_wconf 84' lang='lat' dir='ltr'>ex</span> <span class='ocrx_word' id='word_1_67' title='bbox 349 920 404 956; x_wconf 91' lang='lat' dir='ltr'>uuo</span> <span class='ocrx_word' id='word_1_68' title='bbox 421 902 561 973; x_wconf 82' lang='lat' dir='ltr'>dependet</span> <span class='ocrx_word' id='word_1_69' title='bbox 578 905 675 972; x_wconf 80' lang='lat' dir='ltr'>supter</span> <span class='ocrx_word' id='word_1_70' title='bbox 692 902 844 957; x_wconf 86' lang='lat' dir='ltr'>adhaerens</span> 
     </span>
     <span class='ocr_line' id='line_1_12' title="bbox 125 979 998 1049; baseline -0.002 -16"><span class='ocrx_word' id='word_1_71' title='bbox 125 997 178 1033; x_wconf 89' lang='lat' dir='ltr'>·ex</span> <span class='ocrx_word' id='word_1_72' title='bbox 196 980 304 1048; x_wconf 87' lang='lat' dir='ltr'>alioque</span> <span class='ocrx_word' id='word_1_73' title='bbox 322 980 393 1034; x_wconf 83' lang='lat' dir='ltr'>alius</span> <span class='ocrx_word' id='word_1_74' title='bbox 409 979 510 1048; x_wconf 89' lang='lat' dir='ltr'>lapidis</span> <span class='ocrx_word' id='word_1_75' title='bbox 526 979 583 1033; x_wconf 83' lang='lat' dir='ltr'>rim</span> <span class='ocrx_word' id='word_1_76' title='bbox 600 980 744 1049; x_wconf 85' lang='lat' dir='ltr'>vinclaque</span> <span class='ocrx_word' id='word_1_77' title='bbox 761 979 863 1036; x_wconf 87' lang='lat' dir='ltr'>noscit:</span> <span class='ocrx_word' id='word_1_78' title='bbox 962 995 998 1033; x_wconf 80' lang='lat' dir='ltr'>ors</span> 
     </span>
     <span class='ocr_line' id='line_1_13' title="bbox 143 1055 811 1126; baseline -0.001 -15"><span class='ocrx_word' id='word_1_79' title='bbox 143 1072 230 1126; x_wconf 87' lang='lat' dir='ltr'>usque</span> <span class='ocrx_word' id='word_1_80' title='bbox 247 1056 317 1111; x_wconf 86' lang='lat' dir='ltr'>adeo</span> <span class='ocrx_word' id='word_1_81' title='bbox 334 1059 528 1124; x_wconf 86' lang='lat' dir='ltr'>permananter</span> <span class='ocrx_word' id='word_1_82' title='bbox 545 1055 586 1110; x_wconf 83' lang='lat' dir='ltr'>ris</span> <span class='ocrx_word' id='word_1_83' title='bbox 603 1056 727 1125; x_wconf 79' lang='lat' dir='ltr'>pervolat</span> <span class='ocrx_word' id='word_1_84' title='bbox 744 1056 811 1110; x_wconf 89' lang='lat' dir='ltr'>eius.</span> 
     </span>
     <span class='ocr_line' id='line_1_14' title="bbox 180 1132 956 1201; baseline -0.001 -15"><span class='ocrx_word' id='word_1_85' title='bbox 180 1134 243 1186; x_wconf 90' lang='lat' dir='ltr'>Hoc</span> <span class='ocrx_word' id='word_1_86' title='bbox 254 1149 341 1201; x_wconf 89' lang='lat' dir='ltr'>genus</span> <span class='ocrx_word' id='word_1_87' title='bbox 352 1134 381 1186; x_wconf 90' lang='lat' dir='ltr'>in</span> <span class='ocrx_word' id='word_1_88' title='bbox 393 1134 477 1187; x_wconf 88' lang='lat' dir='ltr'>rebus</span> <span class='ocrx_word' id='word_1_89' title='bbox 485 1132 677 1186; x_wconf 87' lang='lat' dir='ltr'>firmandumst</span> <span class='ocrx_word' id='word_1_90' title='bbox 688 1132 775 1187; x_wconf 86' lang='lat' dir='ltr'>multa</span> <span class='ocrx_word' id='word_1_91' title='bbox 786 1133 862 1201; x_wconf 90' lang='lat' dir='ltr'>prius</span> <span class='ocrx_word' id='word_1_92' title='bbox 874 1148 956 1201; x_wconf 86' lang='lat' dir='ltr'>quam</span> 
     </span>
     <span class='ocr_line' id='line_1_15' title="bbox 142 1209 688 1279; baseline -0.004 -15"><span class='ocrx_word' id='word_1_93' title='bbox 142 1210 229 1279; x_wconf 88' lang='lat' dir='ltr'>ipsius</span> <span class='ocrx_word' id='word_1_94' title='bbox 245 1209 286 1263; x_wconf 91' lang='lat' dir='ltr'>rei</span> <span class='ocrx_word' id='word_1_95' title='bbox 304 1210 438 1264; x_wconf 87' lang='lat' dir='ltr'>rationem</span> <span class='ocrx_word' id='word_1_96' title='bbox 455 1209 574 1263; x_wconf 87' lang='lat' dir='ltr'>reddere</span> <span class='ocrx_word' id='word_1_97' title='bbox 591 1209 688 1279; x_wconf 90' lang='lat' dir='ltr'>possis,</span> 
     </span>
     <span class='ocr_line' id='line_1_16' title="bbox 143 1286 837 1355; baseline -0.003 -14"><span class='ocrx_word' id='word_1_98' title='bbox 143 1291 174 1341; x_wconf 90' lang='lat' dir='ltr'>ct</span> <span class='ocrx_word' id='word_1_99' title='bbox 190 1287 305 1341; x_wconf 91' lang='lat' dir='ltr'>nimium</span> <span class='ocrx_word' id='word_1_100' title='bbox 322 1286 411 1355; x_wconf 85' lang='lat' dir='ltr'>longis</span> <span class='ocrx_word' id='word_1_101' title='bbox 428 1286 588 1355; x_wconf 82' lang='lat' dir='ltr'>ambagibus</span> <span class='ocrx_word' id='word_1_102' title='bbox 606 1290 649 1341; x_wconf 91' lang='lat' dir='ltr'>est</span> <span class='ocrx_word' id='word_1_103' title='bbox 665 1286 837 1351; x_wconf 68' lang='lat' dir='ltr'>adeundum</span> 
     </span>
     <span class='ocr_line' id='line_1_17' title="bbox 128 1363 998 1434; baseline -0.003 -16"><span class='ocrx_word' id='word_1_104' title='bbox 128 1374 199 1434; x_wconf 78' lang='lat' dir='ltr'>&#39;quo</span> <span class='ocrx_word' id='word_1_105' title='bbox 217 1366 304 1432; x_wconf 80' lang='lat' dir='ltr'>magis</span> <span class='ocrx_word' id='word_1_106' title='bbox 322 1366 444 1418; x_wconf 83' lang='lat' dir='ltr'>attentas</span> <span class='ocrx_word' id='word_1_107' title='bbox 461 1364 536 1417; x_wconf 87' lang='lat' dir='ltr'>auris</span> <span class='ocrx_word' id='word_1_108' title='bbox 552 1363 727 1432; x_wconf 88' lang='lat' dir='ltr'>animumque</span> <span class='ocrx_word' id='word_1_109' title='bbox 745 1379 865 1432; x_wconf 86' lang='lat' dir='ltr'>reposco.</span> <span class='ocrx_word' id='word_1_110' title='bbox 961 1375 998 1416; x_wconf 77' lang='lat' dir='ltr'>sao</span> 
     </span>
     <span class='ocr_line' id='line_1_18' title="bbox 182 1438 980 1512; baseline 0.001 -19"><span class='ocrx_word' id='word_1_111' title='bbox 182 1440 318 1512; x_wconf 87' lang='lat' dir='ltr'>Principio</span> <span class='ocrx_word' id='word_1_112' title='bbox 335 1440 461 1494; x_wconf 90' lang='lat' dir='ltr'>omnibus</span> <span class='ocrx_word' id='word_1_113' title='bbox 480 1440 516 1494; x_wconf 90' lang='lat' dir='ltr'>ab</span> <span class='ocrx_word' id='word_1_114' title='bbox 532 1440 623 1507; x_wconf 85' lang='lat' dir='ltr'>rebus,</span> <span class='ocrx_word' id='word_1_115' title='bbox 642 1456 829 1510; x_wconf 88' lang='lat' dir='ltr'>quascumque</span> <span class='ocrx_word' id='word_1_116' title='bbox 847 1438 980 1508; x_wconf 79' lang='lat' dir='ltr'>ridemus,</span> 
     </span>
     <span class='ocr_line' id='line_1_19' title="bbox 142 1516 843 1587; baseline -0.001 -16"><span class='ocrx_word' id='word_1_117' title='bbox 142 1520 278 1587; x_wconf 88' lang='lat' dir='ltr'>perpetuo</span> <span class='ocrx_word' id='word_1_118' title='bbox 295 1517 381 1571; x_wconf 89' lang='lat' dir='ltr'>fluere</span> <span class='ocrx_word' id='word_1_119' title='bbox 398 1533 431 1570; x_wconf 88' lang='lat' dir='ltr'>ac</span> <span class='ocrx_word' id='word_1_120' title='bbox 447 1516 521 1571; x_wconf 88' lang='lat' dir='ltr'>mitti</span> <span class='ocrx_word' id='word_1_121' title='bbox 539 1516 687 1586; x_wconf 81' lang='lat' dir='ltr'>spargique</span> <span class='ocrx_word' id='word_1_122' title='bbox 704 1520 843 1571; x_wconf 78' lang='lat' dir='ltr'>necessest</span> 
     </span>
     <span class='ocr_line' id='line_1_20' title="bbox 142 1592 892 1663; baseline 0 -16"><span class='ocrx_word' id='word_1_123' title='bbox 142 1609 259 1663; x_wconf 86' lang='lat' dir='ltr'>corpora</span> <span class='ocrx_word' id='word_1_124' title='bbox 275 1609 346 1663; x_wconf 82' lang='lat' dir='ltr'>quse</span> <span class='ocrx_word' id='word_1_125' title='bbox 363 1593 465 1647; x_wconf 84' lang='lat' dir='ltr'>feriant</span> <span class='ocrx_word' id='word_1_126' title='bbox 482 1593 573 1647; x_wconf 89' lang='lat' dir='ltr'>oeulos</span> <span class='ocrx_word' id='word_1_127' title='bbox 590 1592 732 1661; x_wconf 88' lang='lat' dir='ltr'>visumque</span> <span class='ocrx_word' id='word_1_128' title='bbox 750 1593 892 1647; x_wconf 85' lang='lat' dir='ltr'>lacessant.</span> 
     </span>
     <span class='ocr_line' id='line_1_21' title="bbox 142 1667 823 1739; baseline -0.001 -16"><span class='ocrx_word' id='word_1_129' title='bbox 142 1674 334 1739; x_wconf 89' lang='lat' dir='ltr'>perpetuoque</span> <span class='ocrx_word' id='word_1_130' title='bbox 351 1670 441 1723; x_wconf 87' lang='lat' dir='ltr'>fluunt</span> <span class='ocrx_word' id='word_1_131' title='bbox 457 1669 540 1723; x_wconf 84' lang='lat' dir='ltr'>certis</span> <span class='ocrx_word' id='word_1_132' title='bbox 556 1669 592 1723; x_wconf 86' lang='lat' dir='ltr'>ab</span> <span class='ocrx_word' id='word_1_133' title='bbox 609 1667 693 1723; x_wconf 89' lang='lat' dir='ltr'>rebus</span> <span class='ocrx_word' id='word_1_134' title='bbox 710 1669 823 1735; x_wconf 82' lang='lat' dir='ltr'>odores3</span> 
     </span>
     <span class='ocr_line' id='line_1_22' title="bbox 130 1745 998 1814; baseline 0.005 -16"><span class='ocrx_word' id='word_1_135' title='bbox 130 1746 229 1814; x_wconf 81' lang='lat' dir='ltr'>¹frigus</span> <span class='ocrx_word' id='word_1_136' title='bbox 245 1750 278 1799; x_wconf 90' lang='lat' dir='ltr'>ut</span> <span class='ocrx_word' id='word_1_137' title='bbox 294 1763 313 1800; x_wconf 85' lang='lat' dir='ltr'>a</span> <span class='ocrx_word' id='word_1_138' title='bbox 331 1745 428 1813; x_wconf 87' lang='lat' dir='ltr'>fluviis,</span> <span class='ocrx_word' id='word_1_139' title='bbox 446 1746 519 1800; x_wconf 87' lang='lat' dir='ltr'>calor</span> <span class='ocrx_word' id='word_1_140' title='bbox 536 1746 571 1800; x_wconf 86' lang='lat' dir='ltr'>ab</span> <span class='ocrx_word' id='word_1_141' title='bbox 589 1746 654 1811; x_wconf 89' lang='lat' dir='ltr'>sole,</span> <span class='ocrx_word' id='word_1_142' title='bbox 671 1749 765 1800; x_wconf 87' lang='lat' dir='ltr'>aestus</span> <span class='ocrx_word' id='word_1_143' title='bbox 781 1746 817 1800; x_wconf 89' lang='lat' dir='ltr'>ab</span> <span class='ocrx_word' id='word_1_144' title='bbox 834 1745 916 1801; x_wconf 89' lang='lat' dir='ltr'>undis</span> <span class='ocrx_word' id='word_1_145' title='bbox 960 1761 998 1802; x_wconf 74' lang='lat' dir='ltr'>ons</span> 
     </span>
     <span class='ocr_line' id='line_1_23' title="bbox 143 1821 793 1892; baseline 0.002 -16"><span class='ocrx_word' id='word_1_146' title='bbox 143 1824 270 1892; x_wconf 81' lang='lat' dir='ltr'>aequoris</span> <span class='ocrx_word' id='word_1_147' title='bbox 287 1839 386 1877; x_wconf 84' lang='lat' dir='ltr'>exesor</span> <span class='ocrx_word' id='word_1_148' title='bbox 403 1838 557 1876; x_wconf 89' lang='lat' dir='ltr'>moeromm</span> <span class='ocrx_word' id='word_1_149' title='bbox 574 1821 656 1877; x_wconf 86' lang='lat' dir='ltr'>litora</span> <span class='ocrx_word' id='word_1_150' title='bbox 672 1826 793 1892; x_wconf 88' lang='lat' dir='ltr'>propter.</span> 
     </span>
     <span class='ocr_line' id='line_1_24' title="bbox 143 1899 829 1968; baseline 0.001 -16"><span class='ocrx_word' id='word_1_151' title='bbox 143 1916 194 1953; x_wconf 91' lang='lat' dir='ltr'>nco</span> <span class='ocrx_word' id='word_1_152' title='bbox 211 1899 279 1953; x_wconf 83' lang='lat' dir='ltr'>varii</span> <span class='ocrx_word' id='word_1_153' title='bbox 296 1902 405 1953; x_wconf 85' lang='lat' dir='ltr'>cessant</span> <span class='ocrx_word' id='word_1_154' title='bbox 422 1899 526 1952; x_wconf 90' lang='lat' dir='ltr'>sonitus</span> <span class='ocrx_word' id='word_1_155' title='bbox 543 1914 656 1952; x_wconf 88' lang='lat' dir='ltr'>manare</span> <span class='ocrx_word' id='word_1_156' title='bbox 673 1916 723 1968; x_wconf 86' lang='lat' dir='ltr'>per</span> <span class='ocrx_word' id='word_1_157' title='bbox 740 1916 829 1953; x_wconf 86' lang='lat' dir='ltr'>auras.</span> 
     </span>
     <span class='ocr_line' id='line_1_25' title="bbox 144 1974 855 2045; baseline 0.001 -16"><span class='ocrx_word' id='word_1_158' title='bbox 144 1975 263 2045; x_wconf 90' lang='lat' dir='ltr'>denique</span> <span class='ocrx_word' id='word_1_159' title='bbox 281 1975 309 2029; x_wconf 90' lang='lat' dir='ltr'>in</span> <span class='ocrx_word' id='word_1_160' title='bbox 326 1992 357 2029; x_wconf 90' lang='lat' dir='ltr'>os</span> <span class='ocrx_word' id='word_1_161' title='bbox 375 1974 438 2029; x_wconf 86' lang='lat' dir='ltr'>salsi</span> <span class='ocrx_word' id='word_1_162' title='bbox 455 1976 531 2029; x_wconf 81' lang='lat' dir='ltr'>venit</span> <span class='ocrx_word' id='word_1_163' title='bbox 548 1992 627 2030; x_wconf 91' lang='lat' dir='ltr'>umor</span> <span class='ocrx_word' id='word_1_164' title='bbox 644 1991 726 2045; x_wconf 85' lang='lat' dir='ltr'>saepe</span> <span class='ocrx_word' id='word_1_165' title='bbox 744 1977 855 2045; x_wconf 86' lang='lat' dir='ltr'>separis,</span> 
     </span>
     <span class='ocr_line' id='line_1_26' title="bbox 143 2052 871 2122; baseline -0.003 -15"><span class='ocrx_word' id='word_1_166' title='bbox 143 2071 206 2108; x_wconf 91' lang='lat' dir='ltr'>cum</span> <span class='ocrx_word' id='word_1_167' title='bbox 224 2070 300 2108; x_wconf 90' lang='lat' dir='ltr'>mare</span> <span class='ocrx_word' id='word_1_168' title='bbox 317 2069 459 2107; x_wconf 84' lang='lat' dir='ltr'>versamur</span> <span class='ocrx_word' id='word_1_169' title='bbox 475 2056 597 2122; x_wconf 88' lang='lat' dir='ltr'>propter,</span> <span class='ocrx_word' id='word_1_170' title='bbox 615 2052 757 2121; x_wconf 81' lang='lat' dir='ltr'>dilutaque</span> <span class='ocrx_word' id='word_1_171' title='bbox 774 2057 871 2107; x_wconf 86' lang='lat' dir='ltr'>eontra</span> 
     </span>
     <span class='ocr_line' id='line_1_27' title="bbox 97 2128 998 2199; baseline 0 -17"><span class='ocrx_word' id='word_1_172' title='bbox 97 2148 134 2182; x_wconf 75' lang='lat' dir='ltr'>sss</span> <span class='ocrx_word' id='word_1_173' title='bbox 144 2144 207 2186; x_wconf 89' lang='lat' dir='ltr'>cum</span> <span class='ocrx_word' id='word_1_174' title='bbox 225 2131 328 2184; x_wconf 83' lang='lat' dir='ltr'>tuimur</span> <span class='ocrx_word' id='word_1_175' title='bbox 345 2129 453 2183; x_wconf 81' lang='lat' dir='ltr'>misceri</span> <span class='ocrx_word' id='word_1_176' title='bbox 470 2128 614 2199; x_wconf 86' lang='lat' dir='ltr'>absinthia,</span> <span class='ocrx_word' id='word_1_177' title='bbox 631 2130 722 2197; x_wconf 80' lang='lat' dir='ltr'>tangit</span> <span class='ocrx_word' id='word_1_178' title='bbox 739 2145 854 2182; x_wconf 83' lang='lat' dir='ltr'>amaror.</span> <span class='ocrx_word' id='word_1_179' title='bbox 961 2144 998 2182; x_wconf 67' lang='lat' dir='ltr'>oso</span> 
     </span>
     <span class='ocr_line' id='line_1_28' title="bbox 143 2205 952 2278; baseline -0.004 -17"><span class='ocrx_word' id='word_1_180' title='bbox 143 2206 319 2278; x_wconf 78' lang='lat' dir='ltr'>usqueadeo</span> <span class='ocrx_word' id='word_1_181' title='bbox 336 2206 462 2260; x_wconf 91' lang='lat' dir='ltr'>omnibus</span> <span class='ocrx_word' id='word_1_182' title='bbox 479 2206 515 2260; x_wconf 86' lang='lat' dir='ltr'>ab</span> <span class='ocrx_word' id='word_1_183' title='bbox 533 2206 615 2261; x_wconf 91' lang='lat' dir='ltr'>rebus</span> <span class='ocrx_word' id='word_1_184' title='bbox 632 2223 677 2261; x_wconf 86' lang='lat' dir='ltr'>res</span> <span class='ocrx_word' id='word_1_185' title='bbox 695 2222 817 2275; x_wconf 86' lang='lat' dir='ltr'>quaeque</span> <span class='ocrx_word' id='word_1_186' title='bbox 835 2205 952 2259; x_wconf 86' lang='lat' dir='ltr'>fluenter</span> 
     </span>
    </p>
   </div>
   <div class='ocr_carea' id='block_1_3' title="bbox 97 2281 999 2734">
    <p class='ocr_par' dir='ltr' id='par_1_3' title="bbox 97 2281 999 2734">
     <span class='ocr_line' id='line_1_29' title="bbox 97 2281 864 2352; baseline -0.004 -14"><span class='ocrx_word' id='word_1_187' title='bbox 97 2294 132 2327; x_wconf 79' lang='lat'>⁹³⁰</span> <span class='ocrx_word' id='word_1_188' title='bbox 144 2284 233 2338; x_wconf 87' lang='lat' dir='ltr'>fertur</span> <span class='ocrx_word' id='word_1_189' title='bbox 250 2287 279 2339; x_wconf 91' lang='lat' dir='ltr'>et</span> <span class='ocrx_word' id='word_1_190' title='bbox 296 2284 324 2336; x_wconf 92' lang='lat' dir='ltr'>in</span> <span class='ocrx_word' id='word_1_191' title='bbox 341 2286 454 2337; x_wconf 87' lang='lat' dir='ltr'>cunctas</span> <span class='ocrx_word' id='word_1_192' title='bbox 472 2281 621 2337; x_wconf 89' lang='lat' dir='ltr'>dimittitur</span> <span class='ocrx_word' id='word_1_193' title='bbox 637 2282 759 2350; x_wconf 86' lang='lat' dir='ltr'>undique</span> <span class='ocrx_word' id='word_1_194' title='bbox 776 2281 864 2352; x_wconf 87' lang='lat' dir='ltr'>partis</span> 
     </span>
     <span class='ocr_line' id='line_1_30' title="bbox 143 2358 859 2428; baseline -0.003 -14"><span class='ocrx_word' id='word_1_195' title='bbox 143 2378 195 2415; x_wconf 89' lang='lat' dir='ltr'>nec</span> <span class='ocrx_word' id='word_1_196' title='bbox 211 2377 288 2414; x_wconf 88' lang='lat' dir='ltr'>mora</span> <span class='ocrx_word' id='word_1_197' title='bbox 305 2377 356 2414; x_wconf 90' lang='lat' dir='ltr'>nec</span> <span class='ocrx_word' id='word_1_198' title='bbox 374 2360 484 2428; x_wconf 91' lang='lat' dir='ltr'>requies</span> <span class='ocrx_word' id='word_1_199' title='bbox 500 2359 658 2414; x_wconf 84' lang='lat' dir='ltr'>interdatur</span> <span class='ocrx_word' id='word_1_200' title='bbox 675 2359 731 2412; x_wconf 85' lang='lat' dir='ltr'>ulla</span> <span class='ocrx_word' id='word_1_201' title='bbox 748 2358 859 2427; x_wconf 87' lang='lat' dir='ltr'>fluendi,</span> 
     </span>
     <span class='ocr_line' id='line_1_31' title="bbox 143 2435 868 2507; baseline -0.003 -16"><span class='ocrx_word' id='word_1_202' title='bbox 143 2440 279 2507; x_wconf 85' lang='lat' dir='ltr'>perpetuo</span> <span class='ocrx_word' id='word_1_203' title='bbox 298 2435 427 2505; x_wconf 86' lang='lat' dir='ltr'>quonium</span> <span class='ocrx_word' id='word_1_204' title='bbox 446 2437 586 2503; x_wconf 88' lang='lat' dir='ltr'>sentimus,</span> <span class='ocrx_word' id='word_1_205' title='bbox 604 2439 634 2489; x_wconf 91' lang='lat' dir='ltr'>et</span> <span class='ocrx_word' id='word_1_206' title='bbox 650 2435 742 2488; x_wconf 85' lang='lat' dir='ltr'>omnia</span> <span class='ocrx_word' id='word_1_207' title='bbox 759 2451 868 2505; x_wconf 89' lang='lat' dir='ltr'>semper</span> 
     </span>
     <span class='ocr_line' id='line_1_32' title="bbox 134 2511 999 2568; baseline -0.005 0"><span class='ocrx_word' id='word_1_208' title='bbox 134 2518 256 2568; x_wconf 80' lang='lat' dir='ltr'>cernere</span> <span class='ocrx_word' id='word_1_209' title='bbox 273 2512 383 2566; x_wconf 88' lang='lat' dir='ltr'>odorari</span> <span class='ocrx_word' id='word_1_210' title='bbox 400 2512 466 2566; x_wconf 89' lang='lat' dir='ltr'>licet</span> <span class='ocrx_word' id='word_1_211' title='bbox 484 2514 513 2566; x_wconf 90' lang='lat' dir='ltr'>et</span> <span class='ocrx_word' id='word_1_212' title='bbox 531 2511 633 2566; x_wconf 89' lang='lat' dir='ltr'>sentire</span> <span class='ocrx_word' id='word_1_213' title='bbox 651 2527 755 2566; x_wconf 85' lang='lat' dir='ltr'>sonare.</span> <span class='ocrx_word' id='word_1_214' title='bbox 963 2526 999 2565; x_wconf 81' lang='lat' dir='ltr'>sos</span> 
     </span>
     <span class='ocr_line' id='line_1_33' title="bbox 97 2587 956 2658; baseline -0.003 -14"><span class='ocrx_word' id='word_1_215' title='bbox 97 2599 114 2631; x_wconf 66' lang='lat'><strong>⁹</strong></span> <span class='ocrx_word' id='word_1_216' title='bbox 179 2591 204 2644; x_wconf 91' lang='lat' dir='ltr'>N</span> <span class='ocrx_word' id='word_1_217' title='bbox 206 2606 259 2644; x_wconf 89' lang='lat' dir='ltr'>unc</span> <span class='ocrx_word' id='word_1_218' title='bbox 277 2589 366 2643; x_wconf 88' lang='lat' dir='ltr'>omnis</span> <span class='ocrx_word' id='word_1_219' title='bbox 383 2593 507 2658; x_wconf 83' lang='lat' dir='ltr'>repetam</span> <span class='ocrx_word' id='word_1_220' title='bbox 524 2603 607 2656; x_wconf 88' lang='lat' dir='ltr'>quam</span> <span class='ocrx_word' id='word_1_221' title='bbox 625 2604 688 2641; x_wconf 88' lang='lat' dir='ltr'>raro</span> <span class='ocrx_word' id='word_1_222' title='bbox 705 2604 820 2657; x_wconf 89' lang='lat' dir='ltr'>corpore</span> <span class='ocrx_word' id='word_1_223' title='bbox 838 2587 893 2642; x_wconf 89' lang='lat' dir='ltr'>sint</span> <span class='ocrx_word' id='word_1_224' title='bbox 911 2603 956 2642; x_wconf 87' lang='lat' dir='ltr'>res</span> 
     </span>
     <span class='ocr_line' id='line_1_34' title="bbox 143 2663 991 2734; baseline -0.005 -13"><span class='ocrx_word' id='word_1_225' title='bbox 143 2682 355 2721; x_wconf 88' lang='lat' dir='ltr'>commemorare</span> <span class='ocrx_word' id='word_1_226' title='bbox 363 2664 376 2731; x_wconf 89' lang='lat'>;&#39;</span> <span class='ocrx_word' id='word_1_227' title='bbox 388 2665 463 2734; x_wconf 90' lang='lat' dir='ltr'>quod</span> <span class='ocrx_word' id='word_1_228' title='bbox 480 2665 508 2718; x_wconf 90' lang='lat' dir='ltr'>in</span> <span class='ocrx_word' id='word_1_229' title='bbox 525 2664 615 2734; x_wconf 85' lang='lat' dir='ltr'>prirno</span> <span class='ocrx_word' id='word_1_230' title='bbox 632 2680 740 2732; x_wconf 90' lang='lat' dir='ltr'>quoque</span> <span class='ocrx_word' id='word_1_231' title='bbox 758 2664 879 2718; x_wconf 85' lang='lat' dir='ltr'>cannino</span> <span class='ocrx_word' id='word_1_232' title='bbox 896 2663 991 2718; x_wconf 88' lang='lat' dir='ltr'>claret.</span> 
     </span>
    </p>
   </div>
   <div class='ocr_carea' id='block_1_4' title="bbox 135 2740 1000 3265">
    <p class='ocr_par' dir='ltr' id='par_1_4' title="bbox 135 2740 1000 3119">
     <span class='ocr_line' id='line_1_35' title="bbox 143 2740 999 2813; baseline -0.004 -16"><span class='ocrx_word' id='word_1_233' title='bbox 143 2744 248 2813; x_wconf 88' lang='lat' dir='ltr'>quippe</span> <span class='ocrx_word' id='word_1_234' title='bbox 265 2743 377 2811; x_wconf 88' lang='lat' dir='ltr'>etenim,</span> <span class='ocrx_word' id='word_1_235' title='bbox 393 2758 557 2811; x_wconf 82' lang='lat' dir='ltr'>quamquem</span> <span class='ocrx_word' id='word_1_236' title='bbox 575 2740 676 2794; x_wconf 85' lang='lat' dir='ltr'>multas</span> <span class='ocrx_word' id='word_1_237' title='bbox 694 2740 745 2794; x_wconf 89' lang='lat' dir='ltr'>hoo</span> <span class='ocrx_word' id='word_1_238' title='bbox 762 2741 883 2809; x_wconf 83' lang='lat' dir='ltr'>pertinet</span> <span class='ocrx_word' id='word_1_239' title='bbox 899 2741 936 2795; x_wconf 91' lang='lat' dir='ltr'>ad</span> <span class='ocrx_word' id='word_1_240' title='bbox 954 2756 999 2794; x_wconf 86' lang='lat' dir='ltr'>res</span> 
     </span>
     <span class='ocr_line' id='line_1_36' title="bbox 143 2817 930 2889; baseline -0.006 -15"><span class='ocrx_word' id='word_1_241' title='bbox 143 2836 263 2886; x_wconf 89' lang='lat' dir='ltr'>noscere,</span> <span class='ocrx_word' id='word_1_242' title='bbox 281 2836 343 2874; x_wconf 91' lang='lat' dir='ltr'>cum</span> <span class='ocrx_word' id='word_1_243' title='bbox 361 2819 456 2889; x_wconf 89' lang='lat' dir='ltr'>primis</span> <span class='ocrx_word' id='word_1_244' title='bbox 473 2818 543 2871; x_wconf 89' lang='lat' dir='ltr'>hanc</span> <span class='ocrx_word' id='word_1_245' title='bbox 560 2817 597 2872; x_wconf 87' lang='lat' dir='ltr'>cd</span> <span class='ocrx_word' id='word_1_246' title='bbox 615 2833 674 2871; x_wconf 88' lang='lat' dir='ltr'>rem</span> <span class='ocrx_word' id='word_1_247' title='bbox 692 2818 817 2886; x_wconf 87' lang='lat' dir='ltr'>protinus</span> <span class='ocrx_word' id='word_1_248' title='bbox 834 2817 930 2886; x_wconf 88' lang='lat' dir='ltr'>ipsam,</span> 
     </span>
     <span class='ocr_line' id='line_1_37' title="bbox 135 2893 1000 2966; baseline -0.007 -15"><span class='ocrx_word' id='word_1_249' title='bbox 135 2908 198 2966; x_wconf 80' lang='lat' dir='ltr'>‘qua</span> <span class='ocrx_word' id='word_1_250' title='bbox 215 2896 251 2950; x_wconf 89' lang='lat' dir='ltr'>de</span> <span class='ocrx_word' id='word_1_251' title='bbox 269 2896 404 2951; x_wconf 87' lang='lat' dir='ltr'>disserere</span> <span class='ocrx_word' id='word_1_252' title='bbox 421 2895 576 2964; x_wconf 80' lang='lat' dir='ltr'>adgredior,</span> <span class='ocrx_word' id='word_1_253' title='bbox 594 2893 704 2947; x_wconf 86' lang='lat' dir='ltr'>firmare</span> <span class='ocrx_word' id='word_1_254' title='bbox 721 2897 860 2948; x_wconf 87' lang='lat' dir='ltr'>necessest</span> <span class='ocrx_word' id='word_1_255' title='bbox 963 2907 1000 2945; x_wconf 76' lang='lat' dir='ltr'>eso</span> 
     </span>
     <span class='ocr_line' id='line_1_38' title="bbox 143 2969 872 3041; baseline -0.008 -13"><span class='ocrx_word' id='word_1_256' title='bbox 143 2974 180 3029; x_wconf 85' lang='lat' dir='ltr'>nil</span> <span class='ocrx_word' id='word_1_257' title='bbox 199 2989 260 3027; x_wconf 89' lang='lat' dir='ltr'>esse</span> <span class='ocrx_word' id='word_1_258' title='bbox 277 2973 306 3026; x_wconf 92' lang='lat' dir='ltr'>in</span> <span class='ocrx_word' id='word_1_259' title='bbox 323 2975 451 3041; x_wconf 88' lang='lat' dir='ltr'>promptu</span> <span class='ocrx_word' id='word_1_260' title='bbox 470 2971 523 3025; x_wconf 89' lang='lat' dir='ltr'>nisi</span> <span class='ocrx_word' id='word_1_261' title='bbox 539 2972 656 3025; x_wconf 81' lang='lat' dir='ltr'>mixtum</span> <span class='ocrx_word' id='word_1_262' title='bbox 675 2985 774 3038; x_wconf 88' lang='lat' dir='ltr'>eorpus</span> <span class='ocrx_word' id='word_1_263' title='bbox 791 2969 872 3023; x_wconf 84' lang='lat' dir='ltr'>inani.</span> 
     </span>
     <span class='ocr_line' id='line_1_39' title="bbox 142 3035 794 3119; baseline -0.006 -16"><span class='ocrx_word' id='word_1_264' title='bbox 142 3035 276 3119; x_wconf 71' lang='lat' dir='ltr'>principio</span> <span class='ocrx_word' id='word_1_265' title='bbox 294 3048 420 3102; x_wconf 82' lang='lat' dir='ltr'>fitutia</span> <span class='ocrx_word' id='word_1_266' title='bbox 439 3047 574 3116; x_wconf 87' lang='lat' dir='ltr'>speluncis</span> <span class='ocrx_word' id='word_1_267' title='bbox 593 3063 659 3099; x_wconf 85' lang='lat' dir='ltr'>saxa</span> <span class='ocrx_word' id='word_1_268' title='bbox 676 3062 794 3113; x_wconf 87' lang='lat' dir='ltr'>superno</span> 
     </span>
    </p>

    <p class='ocr_par' dir='ltr' id='par_1_5' title="bbox 144 3120 828 3189">
     <span class='ocr_line' id='line_1_40' title="bbox 144 3120 828 3189; baseline -0.012 -9"><span class='ocrx_word' id='word_1_269' title='bbox 144 3125 244 3181; x_wconf 89' lang='lat' dir='ltr'>sudent</span> <span class='ocrx_word' id='word_1_270' title='bbox 261 3140 358 3179; x_wconf 90' lang='lat' dir='ltr'>umore</span> <span class='ocrx_word' id='word_1_271' title='bbox 376 3127 406 3175; x_wconf 90' lang='lat' dir='ltr'>et</span> <span class='ocrx_word' id='word_1_272' title='bbox 422 3123 511 3189; x_wconf 81' lang='lat' dir='ltr'>guttis</span> <span class='ocrx_word' id='word_1_273' title='bbox 527 3121 697 3175; x_wconf 86' lang='lat' dir='ltr'>manantibu&#39;</span> <span class='ocrx_word' id='word_1_274' title='bbox 715 3120 828 3174; x_wconf 90' lang='lat' dir='ltr'>stillent.</span> 
     </span>
    </p>

    <p class='ocr_par' dir='ltr' id='par_1_6' title="bbox 143 3196 770 3265">
     <span class='ocr_line' id='line_1_41' title="bbox 143 3196 770 3265; baseline -0.01 -9"><span class='ocrx_word' id='word_1_275' title='bbox 143 3206 237 3256; x_wconf 82' lang='lat' dir='ltr'>manat</span> <span class='ocrx_word' id='word_1_276' title='bbox 253 3202 321 3254; x_wconf 86' lang='lat' dir='ltr'>item</span> <span class='ocrx_word' id='word_1_277' title='bbox 340 3198 418 3251; x_wconf 89' lang='lat' dir='ltr'>nobis</span> <span class='ocrx_word' id='word_1_278' title='bbox 436 3215 452 3251; x_wconf 93' lang='lat' dir='ltr'>o</span> <span class='ocrx_word' id='word_1_279' title='bbox 469 3200 530 3250; x_wconf 92' lang='lat' dir='ltr'>toto</span> <span class='ocrx_word' id='word_1_280' title='bbox 547 3211 660 3265; x_wconf 87' lang='lat' dir='ltr'>corpore</span> <span class='ocrx_word' id='word_1_281' title='bbox 678 3196 770 3263; x_wconf 91' lang='lat' dir='ltr'>sudor,</span> 
     </span>
    </p>
   </div>
   <div class='ocr_carea' id='block_1_5' title="bbox 0 0 1095 3404">
    <p class='ocr_par' dir='ltr' id='par_1_7' title="bbox 0 0 1095 3404">
     <span class='ocr_line' id='line_1_42' title="bbox 0 0 1095 3404; baseline 0 0"><span class='ocrx_word' id='word_1_282' title='bbox 0 0 1095 3404; x_wconf 95' lang='lat' dir='ltr'> </span> 
     </span>
    </p>
   </div>
  </div>
 </body>
</html>
