2176 3404
534 146 564 200 V

125 256 156 306 et
172 250 273 318 quibus
289 250 336 303 ille
354 249 443 303 modis
461 220 620 319 congressus
638 253 763 307 materiai

124 327 251 380 fundarit
267 328 371 380 terram
388 326 493 381 eaelum
510 343 587 381 mare
604 328 695 382 sidera
712 329 797 382 solem

123 404 134 458 1
192 404 198 416 ’
219 420 255 458 ue
290 403 398 469 lobum3
415 407 475 457 tum
492 421 563 473 quae
580 404 680 458 tellure
697 405 849 458 animantes

124 420 329 548 m
343 496 414 549 quae
431 480 506 533 nullo
523 481 578 535 sint
595 485 720 551 tempore
737 484 835 545 uatae;

956 512 963 536 1

125 572 216 625 quove
232 556 314 610 medo
331 572 419 624 genus
435 556 583 610 humanum
602 558 724 611 variante
740 525 1003 810 IQUW

125 632 249 702 coeperit
265 634 338 687 inter
355 649 385 686 se
402 633 474 687 vesei
493 650 543 703 per
560 633 670 687 nomina
687 649 794 699 rerum3

125 713 156 763 et
173 708 272 776 quibus
288 709 334 762 ille
351 708 442 762 modis
459 709 549 762 divom
567 712 658 764 metus
675 709 818 764 insinuarit

65 794 70 801 '
125 792 247 853 pectora,
264 789 401 839 terrarum
419 785 509 854 quiin
528 786 588 840 orbi
606 790 701 840 saneta
717 789 813 840 tuetur

66 876 72 881 ·
123 862 189 915 fana
205 861 282 915 lacus
298 862 373 915 luees
390 878 452 915 aras
469 863 666 938 simulacraque
684 862 783 916 divom

125 941 273 1007 praeterea
289 938 352 992 solis
369 930 617 1076 eweque
634 944 741 992 meatus
932 877 1086 1085 js?

125 1014 272 1083 expediam
290 1030 345 1083 qua
362 1030 389 1068 ιι
442 1031 536 1068 ean
538 1020 618 1069 atura
635 1015 806 1083 gubernans3
997 1035 1086 1124 25

125 1107 161 1143 ne
179 1090 251 1144 sorte
268 1091 335 1145 haee
351 1091 424 1146 inter
441 1091 554 1146 eaelum
562 1095 719 1175 terranpgue
736 1108 813 1146 ream
851 1095 1008 1213 Vs,
952 1100 1041 1141 „5

124 1166 244 1220 liberas
281 1170 329 1221 ute
379 1185 396 1222 a
412 1184 508 1221 cursus
628 1168 788 1237 operennia
875 1135 1008 1297 aas<

118 1183 425 1333 fflges
443 1228 683 1313 augendasatque
701 1210 880 1311 animant&

124 1334 196 1372 neve
213 1302 304 1386 alidua
321 1320 447 1374 (11ιοιιιι
535 1320 624 1374 atione
641 1325 692 1389 put
693 1337 777 1374 emus.

124 1411 190 1448 nam
208 1394 278 1449 bene
295 1396 342 1465 qui
359 1396 388 1449 di
418 1413 465 1451 cer
519 1412 565 1450 eos
583 1411 708 1450 securum
725 1413 808 1465 agere
825 1413 928 1466 aevom,

125 1472 149 1524 si
168 1475 260 1525 temen
277 1471 383 1526 interea
400 1473 536 1527 mirantur
552 1489 607 1541 qua
623 1473 729 1527 ratione

124 1564 251 1617 quaeque
268 1548 328 1616 geri
345 1548 461 1618 possint,
480 1550 642 1619 praesertim
660 1548 742 1602 reb'us
759 1549 859 1603 inillis

124 1640 198 1694 quae
216 1641 316 1694 supera
334 1629 417 1694 eaput
435 1630 480 1680 aet
500 1625 564 1679 eriis
581 1629 730 1681 cernuntur
746 1625 774 1679 in
792 1626 855 1695 urie,
955 1640 979 1678 ιι

124 1716 221 1754 rursus
238 1701 267 1753 in
285 1701 411 1770 antiquas
603 1701 755 1769 religiones⁴

125 1780 156 1832 et
175 1775 299 1830 dominos
316 1778 387 1831 aeris
404 1626 675 1863 ania
690 1778 774 1846 poste

125 1868 196 1922 quos
214 1853 306 1906 miseri
324 1854 448 1921 eredunt,
466 1853 553 1929 ignari
571 1852 638 1921 quid
655 1856 740 1922 queat
755 1869 823 1923 esse,

125 1929 196 1998 quid
213 1933 339 1998 nequeat,
358 1930 437 1983 finita
453 1933 577 1999 potestas
595 1929 714 1998 denique
732 1930 829 1998 cuique

124 2021 246 2072 quanam
264 2006 302 2060 sit
319 2007 425 2059 ratione
442 2012 524 2073 atque
542 2005 598 2060 alte
615 2008 750 2060 terminus
766 2006 889 2062 haerens,

163 2081 243 2145 Quod
262 2084 395 2151 superest,
412 2098 447 2134 ne
464 2084 494 2134 te
511 2081 539 2134 in
556 2082 696 2150 promissis
713 2083 793 2151 plura
809 2101 837 2137 m
855 2101 885 2138 re
934 2101 955 2150 r,

124 2157 261 2227 principio
278 2158 364 2211 maria
382 2174 413 2211 ae
431 2163 520 2212 terras
537 2158 697 2227 caelumque
714 2163 793 2213 tuere

124 2250 242 2301 quorum
260 2237 386 2289 naturam
403 2234 548 2304 triplicem,
566 2235 620 2289 tria
638 2251 760 2305 corpora,
778 2237 902 2305 Memmi,

124 2309 178 2363 trie
197 2310 300 2378 speeies
317 2313 375 2364 tem
393 2310 539 2379 dissimilis,
557 2312 612 2365 tria
629 2311 696 2365 talia
713 2314 798 2377 texta,

123 2401 181 2439 una
198 2385 257 2439 dies
275 2386 354 2442 dabit
371 2387 463 2454 exitio,
481 2388 637 2456 multosque
654 2400 807 2457 perennes
954 2403 978 2441 ιι

124 2464 282 2516 sustentata
299 2466 362 2518 ruet
379 2463 464 2518 moles
482 2469 512 2518 et
529 2465 654 2519 maehina
670 2465 773 2518 mundi.

124 2553 177 2592 nee
194 2554 240 2592 me
258 2539 341 2592 animi
358 2540 430 2594 fallit
447 2557 529 2608 quam
547 2557 592 2595 res
609 2557 679 2595 nova
696 2542 819 2610 miraque
836 2558 854 2594 n
865 2540 921 2594 enti

124 2613 234 2668 aecidat
252 2617 309 2669 exit
309 2617 366 2670 ium
384 2617 453 2670 caeli
470 2620 616 2687 terraeque
634 2557 921 2759 futw

126 2692 157 2743 et
174 2706 258 2759 quam
275 2691 385 2747 difficile
402 2693 432 2747 id
449 2694 516 2747 mihi
534 2695 571 2748 sit
588 2711 683 2763 perum
810 2693 861 2747 tis·

124 2769 160 2820 ut
176 2766 210 2820 fit
227 2766 275 2822 ubi
291 2768 428 2824 iustlitam
446 2786 505 2825 rem
523 2771 655 2841 uiportes
673 2770 784 2824 auribus
801 2775 867 2824 ante
945 2784 982 2824 ιιι

123 2844 323 2974 ιιοοὶαὲἒῖἑιὶι
326 2862 376 2899 ane
392 2846 481 2915 possis
499 2847 638 2901 oculorum
656 2847 774 2901 subdere
791 2847 852 2900 visu

124 2934 178 2972 nee
312 2922 369 2975 ndu
386 2938 490 2989 manua,
507 2923 551 2977 via
569 2940 623 3011 que
639 2923 743 2976 mumitu
760 2923 825 2976 fidei

124 2995 252 3064 proxima
269 2997 324 3051 fert
341 2998 442 3052 human
509 2942 650 3066 'peetus
667 2999 825 3065 templaque
843 3000 951 3051 ruentia.

124 3069 179 3124 aed
195 3073 321 3126 tamone
454 3089 462 3123 ι
554 3072 636 3123 abit
628 3087 688 3138 ipsa
706 3070 788 3122 fidem
806 3086 852 3123 ree

123 3146 242 3201 forsitan
259 3151 288 3201 et
305 3148 427 3215 graviter
442 3149 580 3200 terrarum
597 3144 716 3196 motibus
733 3144 802 3194 ortis
945 3156 980 3194 ιιι

125 3223 219 3277 omnia
235 3222 408 3291 conquassari
426 3221 455 3271 ἱιι
473 3233 557 3284 parvo
575 3222 698 3281 tempore
715 3231 818 3265 eomes,
