2176 3404
554 103 584 158 V
945 107 1000 167 151

148 225 201 278 pcr
218 208 324 262 caelum
340 208 412 263 00101
430 208 496 277 quia
512 223 566 260 nox
585 212 614 261 ct
631 207 695 260 luna
712 207 831 277 videtur,

149 286 215 339 luna
232 286 292 338 dies
309 287 339 339 et
356 301 410 339 nox
428 290 457 339 et
474 285 562 337 noctis
581 284 659 351 signa
676 300 771 338 severa
956 301 1005 342 0000

150 364 364 431 noctivagaeque
381 361 456 416 foces
473 361 542 414 caeli
560 360 741 430 flammaeque
758 363 889 432 volantes,
961 358 964 361 ’

150 440 245 492 nubila
262 438 302 492 sol
319 438 422 491 imbres
439 438 486 490 010
503 438 579 491 renti
596 437 710 501 fulmine
725 440 832 507 grando

150 522 181 570 ct
198 516 288 586 rapidi
305 516 431 569 fremitus
448 518 477 568 et
494 530 635 590 murmura
652 532 751 586 magna
767 517 909 591 minarum.

186 594 210 646 Ο
229 610 316 661 genus
332 592 427 646 infelix
444 593 600 661 humanum,
618 592 685 646 talia
702 593 772 646 divis

150 684 212 723 curu
230 669 329 724 tribuit
345 670 419 723 facta
436 672 520 757 atque
536 668 591 721 iras
609 669 734 724 adiunxit
752 667 879 723 acerbas!
957 683 1005 722 0000

150 750 268 814 quantos
286 750 343 799 tum
363 745 508 813 gemitus
500 745 553 814 ipsi
571 745 631 812 sibi,
649 748 805 814 quantaque
822 745 900 799 nobis

150 823 269 890 v,olnera
288 839 355 890 quas
372 821 498 875 lacrimas
515 838 649 891 peperere
666 822 807 875 minoribu'
825 822 939 877 nostris!

149 916 201 952 nec
219 899 309 969 pietas
326 898 409 952 ullast
427 898 500 952 00100
488 902 547 952 tum
566 914 648 967 saepe
666 882 772 951 0101001

149 976 254 1029 vertier
271 975 306 1028 ad
324 974 443 1043 lapidem
462 977 545 1043 atque
563 974 649 1028 omnis
668 974 799 1028 accedere
818 974 854 1028 ad
872 991 933 1027 aras

149 1060 200 1105 ricc
209 1050 389 1120 procumbere
396 1051 471 1104 humi
480 1054 603 1119 prostra
602 1067 649 1103 um
658 1053 688 1104 et
696 1050 818 1119 pandere
827 1051 930 1117 palmas
955 1062 1004 1103 0000

149 1131 215 1181 ante
233 1127 316 1180 deum
334 1127 449 1180 delubra
465 1143 515 1180 000
534 1143 595 1180 aras
613 1128 743 1195 sanguine
761 1127 848 1180 0001οο

150 1220 280 1273 spargere
298 1203 507 1272 quadrupedum
525 1220 575 1257 nec
593 1203 664 1257 00010
681 1207 793 1258 nectere
810 1206 881 1269 0000,

148 1280 199 1334 sed
217 1295 297 1347 mago
314 1283 414 1349 pacata
430 1296 510 1348 posse
529 1280 620 1333 omnia
637 1283 730 1334 monte
749 1280 844 1345 tueri,

149 1374 213 1409 nam
231 1373 292 1410 cum
311 1356 471 1425 suspicimus
489 1356 581 1424 magni
599 1357 728 1411 caelestia
745 1357 840 1410 mundi

148 1433 262 1501 templa,
274 1449 356 1501 super
369 1433 509 1501 stellisque
520 1432 684 1486 micantibus
696 1433 810 1486 aethera
822 1433 914 1501 finum,
955 1446 1003 1485 0000

149 1511 179 1562 00
197 1508 298 1562 00010
290 1526 319 1562 00
337 1512 458 1563 mentem
476 1509 539 1562 solis
556 1510 692 1578 lunaeque
709 1509 823 1576 0100000,

148 1588 216 1638 0000
234 1585 295 1638 aliis
312 1602 450 1655 oppressa
459 1585 564 1639 000100
556 1602 585 1638 1n
597 1590 714 1654 pectora
732 1603 798 1639 cura

148 1660 196 1714 illa
214 1678 323 1729 quoque
341 1642 566 1729 expergefactum
582 1666 665 1730 caput
683 1662 789 1730 erigere
808 1663 912 1731 infit,

148 1753 255 1806 nequae
273 1737 327 1790 fort
315 1741 345 1790 00
363 1737 445 1790 deum
464 1737 567 1790 nobis
560 1754 682 1791 00000000
699 1741 822 1806 potestas

148 1813 192 1880 sit,
212 1814 286 1866 vario
304 1816 381 1866 motu
399 1829 471 1880 quae
488 1813 605 1866 candida
622 1814 714 1867 sidera
731 1818 829 1868 000000.
955 1828 1002 1891 0000

147 1892 269 1958 temptat
286 1889 358 1942 00100
376 1888 489 1941 dubiam
506 1893 627 1942 mentem
645 1891 757 1944 rationis
775 1892 890 1957 egestas,

147 1982 315 2034 ecquaenam
332 1964 416 2018 fuerit
435 1965 528 2018 mundi
546 1966 673 2033 genitalis
692 1967 774 2034 origo,

147 2045 177 2095 ot
196 2041 277 2095 simul
294 2057 397 2108 ecquae
414 2041 451 2093 010
468 2041 537 2108 finis,
556 2041 647 2110 quoad
664 2043 771 2095 moenia
788 2040 883 2094 innudi

147 2117 257 2171 solliciti
274 2122 365 2171 motus
383 2118 454 2171 huno
472 2117 578 2186 possint
595 2118 668 2171 ferre
685 2117 815 2184 laborem,

147 2210 183 2247 an
202 2193 333 2247 (1101010000
350 2197 463 2246 0000000
481 2193 582 2248 donata
600 2194 689 2247 salute

146 2275 281 2339 perpetuo
299 2270 407 2339 possint
424 2270 484 2323 0001
502 2270 621 2324 labentia
639 2273 731 2324 tractu

146 2347 262 2400 inmensi
279 2346 383 2400 validas
401 2347 461 2399 aevi
479 2352 654 2401 contemnere
671 2346 745 2399 01010.

146 2426 291 2492 practerea
309 2423 352 2476 cui
368 2438 423 2475 non
441 2423 547 2476 animus
564 2422 709 2477 formidine
727 2422 820 2475 divum

106 2549 109 2554 .
146 2515 196 2551 000
198 2498 323 2565 0001010οτ,
342 2498 385 2551 001
402 2514 456 2551 000
474 2502 622 2567 correpunt
639 2498 762 2551 membra
779 2514 887 2566 pavore,

145 2573 265 2627 fulminis
281 2573 405 2627 horribili
423 2591 484 2627 0000
502 2575 583 2644 plaga
600 2573 705 2628 torrida
723 2574 805 2627 tellus
950 2588 997 2626 raro

146 2650 294 2704 contremit
311 2653 341 2703 et
358 2666 486 2718 magnum
504 2655 668 2720 percurrunt
685 2667 825 2704 murmura
842 2650 963 2704 00010001

145 2743 201 2778 0000
218 2727 311 2795 populi
328 2729 478 2794 gentesque
495 2729 625 2793 tremunt,
642 2742 775 2795 regesque
793 2725 903 2794 superbi

146 2801 300 2871 corripiunt
317 2802 409 2856 divum
426 2803 549 2872 percussi
566 2803 727 2856 mombrat
707 2807 813 2869 0000000,
1079 2850 1080 2893 q

145 2878 248 2946 nequid
265 2879 301 2932 ob
319 2878 469 2932 admissum
486 2879 566 2932 foede
584 2878 722 2932 dictumve
740 2878 858 2946 superbo
1079 2926 1080 2935 ,

144 2970 295 3022 poenarum
313 2971 396 3022 grave
414 2955 450 3008 sit
438 2955 591 3008 tsolvendi
609 2958 718 3022 tempus
735 2954 798 3006 adul
801 2956 877 3007 tuml
948 2968 994 3007 0000
1078 2946 1080 3029 l

145 3047 252 3083 summa
269 3031 352 3083 etiam
370 3045 431 3081 cum
449 3029 490 3081 010
507 3030 619 3081 01010001
637 3044 687 3095 per
704 3045 780 3080 mare
797 3029 872 3079 venti

143 3106 366 3174 induperatorem
384 3104 478 3156 0100010
496 3118 578 3168 super
595 3117 712 3168 aequora
729 3102 815 3153 verrit

145 3198 209 3237 cum
226 3180 324 3235 validis
340 3179 445 3247 pariter
461 3175 614 3243 legionibus
630 3179 715 3242 atque
732 3175 893 3243 elephantis,
