2138 3404
356 421 385 476 Τ.
403 418 569 476 nuceum
593 417 688 474 enm

193 590 274 667 DE
317 588 541 664 RERUM
583 583 871 661 NATURA·

324 787 450 836 LIBER
482 784 708 835 SECUNDUS.

473 955 576 982 -e—

92 1088 188 1152 suere,
205 1085 275 1139 muri
292 1100 391 1153 magne
408 1084 586 1140 turbantibus
604 1105 724 1157 nequem
741 1089 836 1155 ventis

91 1180 107 1218 e
125 1166 200 1218 terre
216 1178 345 1230 msgnum
362 1161 476 1215 ulterius
492 1166 618 1230 spectare
635 1164 771 1231 luberem3

91 1256 145 1294 nen
163 1239 228 1308 quis
245 1237 338 1292 vexari
356 1245 549 1305 quemquamst
566 1240 684 1294 iucunde
700 1242 833 1311 voluptas,

91 1316 141 1372 sed
159 1315 258 1384 quibus
274 1314 334 1382 ipse
351 1313 429 1365 malis
446 1330 539 1366 eureus
557 1316 623 1385 quis
639 1334 750 1371 cernere
768 1333 849 1371 suave
868 1321 922 1371 est.

68 1407 174 1448 “suere
191 1393 273 1446 etiem
292 1389 357 1444 belli
374 1390 525 1443 eertuminu
542 1409 640 1460 magna
657 1394 729 1447 tueri
934 1408 949 1447 5

68 1482 141 1539 iper
158 1486 267 1537 eempos
283 1468 419 1521 instructa
435 1470 484 1519 tus
502 1466 561 1521 sine
579 1473 659 1538 perte
676 1469 778 1538 pericli.

91 1546 141 1600 sed
157 1547 196 1599 nil
214 1545 319 1599 dulcius
337 1548 387 1611 est,
405 1543 475 1597 bene
493 1561 576 1612 quum
594 1547 699 1599 munita
715 1550 810 1599 tenere

91 1622 167 1677 edita
184 1621 308 1674 doctrina
325 1621 478 1689 sapientum
496 1621 601 1689 templs
617 1638 719 1689 serens,

91 1697 232 1766 despicere
249 1696 323 1750 unde
341 1711 426 1765 queus
445 1695 512 1749 alios
529 1698 686 1766 passimque
702 1698 797 1752 uidere

91 1789 185 1827 errure
202 1777 286 1844 etque
303 1773 376 1825 vium
393 1772 512 1842 pelentis
531 1789 664 1841 quaerere
681 1774 765 1842 uitae,
921 1788 950 1827 re

90 1851 197 1904 eerture
213 1849 329 1916 iugenio,
347 1847 513 1902 eonteudere
530 1849 682 1918 nobilitate,

90 1928 184 1979 noetes
201 1929 285 1994 etque
303 1925 363 1979 dies
380 1924 432 1977 niti
450 1929 610 1993 praestante
628 1926 722 1981 lubere

90 2001 127 2055 ud
144 2018 263 2055 summas
280 2019 421 2071 emergere
439 2018 505 2071 opes
522 2018 669 2056 rerumque
686 2004 775 2074 potiri

90 2095 107 2135 e
124 2079 236 2133 miserus
253 2079 391 2132 hominum
409 2082 523 2147 mentes,
541 2095 558 2130 e
575 2095 687 2147 peesore
703 2083 797 2133 eeeee!

90 2154 216 2226 qualibus
233 2155 260 2209 in
279 2153 401 2209 tenebris
418 2155 492 2208 vites
510 2155 675 2223 quantisque
692 2155 800 2224 periclis
920 2168 945 2207 rs

91 2233 201 2302 degitur
218 2233 268 2287 hoe
286 2232 345 2287 nevi
364 2231 597 2301 quodcumquest!
617 2247 706 2285 nonne
722 2230 817 2284 uidere

91 2308 129 2362 nil
147 2309 222 2363 aliud
239 2310 291 2363 sibi
309 2313 436 2363 naturum
455 2307 565 2372 latrare,
583 2307 636 2360 nisi
654 2310 693 2375 ut,
710 2307 755 2360 eui
922 2310 924 2315 '

90 2401 203 2454 eei-pere
220 2385 358 2439 seiunctus
377 2384 454 2438 dolor
472 2383 552 2448 absit,
571 2387 663 2437 mente
679 2383 788 2436 fruetur

90 2461 208 2515 iucunde
226 2478 307 2516 sensu
325 2478 390 2515 euru
409 2460 522 2515 semotu'
541 2460 688 2528 metuque?

90 2555 156 2607 ergo
174 2555 330 2608 eerpereem
348 2537 385 2591 ud
402 2541 529 2591 naturam
547 2552 634 2606 pnnee
651 2535 776 2589 videmus
921 2546 945 2585 se

90 2631 150 2669 esse
168 2632 238 2686 epus
255 2616 370 2684 omnine,
390 2632 462 2685 quae
481 2614 593 2667 dement
610 2627 727 2679 cumque
745 2608 875 2675 dolorem,

90 2690 201 2746 delicies
219 2710 329 2763 quoqne
346 2692 388 2745 uti
406 2692 507 2745 multus
526 2688 700 2743 substernere
717 2686 829 2756 possint.

89 2769 193 2833 gratius
210 2769 349 2823 interdum
367 2784 457 2837 neque
475 2770 574 2821 natura
592 2765 652 2834 ipsu
669 2763 794 2831 requirit,

91 2843 113 2893 si
127 2859 182 2895 non
200 2861 283 2896 uureu
301 2847 365 2896 sunt
381 2846 510 2896 iuvenum
529 2841 671 2893 simulacra
688 2855 738 2906 per
755 2837 837 2890 aedes

90 2916 229 2982 lampades
247 2916 376 2981 igniferas
393 2916 518 2967 munibus
533 2914 681 2967 retinentis
698 2911 812 2978 dextris,
920 2924 946 2962 us

90 2988 194 3040 lumine
210 2989 350 3039 nocturnis
367 2989 454 3055 epulis
471 2993 503 3041 ut
521 2988 738 3055 suppeditentur,

92 3077 142 3113 nee
160 3060 257 3112 demus
274 3063 387 3124 argente
403 3060 493 3125 fulget
510 3077 630 3127 auroque
647 3061 757 3114 renidet

92 3148 143 3186 nee
160 3131 281 3184 cithares
297 3130 414 3182 reboent
430 3131 559 3196 laqueata
576 3137 727 3201 aurataque
745 3137 827 3200 tectu,
