2176 3404
548 53 598 110 Vl
943 54 996 110 167

142 176 259 231 corpora
275 173 346 228 quae
362 153 451 227 plagis
468 156 619 210 incendunt
635 156 824 211 mobilitatem
886 156 889 161 ‘

140 236 340 303 incolumisque
358 233 434 287 venit
450 250 506 302 per,
518 249 563 286 res
580 235 664 301 atque
680 232 789 300 integra
805 232 906 287 transit

142 315 238 382 multa,
256 309 433 372 foraminibus
450 309 572 378 liquidus
589 310 654 379 quia
670 308 822 363 transvolat
838 308 914 376 ignis

143 391 285 457 multaque
302 387 421 458 pertigit,
439 403 502 441 cum
520 402 634 454 corpora
651 384 771 439 fulminis
789 385 848 453 ipsa
963 398 1000 437 eos

142 464 304 536 corporibus
322 480 421 522 rerumv
432 462 596 530 inciderunt,
615 479 670 532 qua
686 464 765 517 texta
781 464 917 516 tenentur.

143 542 271 596 dissoluit
287 556 369 609 porro
386 540 467 594 facile
484 556 532 593 aes
549 555 700 605 aurumque
716 541 831 608 reponte

143 617 346 683 confervefaoit‚
366 632 382 670 e
398 617 491 685 parvis
508 616 574 684 quia
590 616 662 669 facta
679 614 783 676 minute

143 693 303 764 corporibus
320 693 361 747 vis
378 696 422 748 est
439 697 469 748 et
486 691 591 747 levibus
608 708 643 745 ex
661 691 810 757 elementis,

143 787 215 839 quae
231 768 310 823 facile
327 769 499 824 insinuantur
517 772 547 822 et
564 768 704 821 insinuata
720 769 836 836 repente
963 779 1000 821 att

143 845 296 900 dissoluont
312 844 398 899 nodos
415 845 504 899 omnis
522 849 551 899 et
569 844 657 899 vincla
674 843 807 901 relaxant

144 926 330 990 autumnoque
347 921 436 990 magis
454 921 541 977 stellis
558 920 728 989 fulgentibus
745 922 811 987 apta

143 999 300 1052 concutitur
317 998 386 1052 caeli
404 998 501 1051 domus
518 998 641 1067 undique
658 1000 772 1065 totaque
789 995 879 1062 tellus,

144 1077 175 1128 et
192 1090 255 1128 cum
272 1077 396 1144 tempora
413 1090 443 1128 sc
460 1075 533 1128 veris
550 1073 676 1132 florentia
693 1073 825 1142 pandunt.

143 1151 247 1218 frigore
265 1150 337 1204 enim
354 1149 455 1205 desunt
472 1151 550 1219 ignes
570 1150 700 1219 ventique
718 1149 808 1203 calore
964 1161 1001 1201 ece

143 1225 276 1280 deficiunt
293 1243 383 1296 neque
401 1231 465 1281 sunt
482 1232 540 1281 tam
558 1227 644 1280 denso
662 1241 776 1296 corpore
793 1226 887 1279 nubes.

143 1303 336 1370 interutraque
354 1302 439 1371 igitur
457 1320 519 1358 cum
537 1303 605 1357 caeli
623 1306 749 1371 tempora
766 1304 898 1368 constant,

144 1380 205 1431 tum
221 1380 312 1434 variae
328 1395 426 1433 canisae
443 1382 609 1434 concurrunt
626 1379 746 1433 fulminis
762 1395 863 1433 omnes.

144 1471 208 1507 nam
225 1455 313 1509 fretus
330 1454 389 1524 ipse
406 1456 470 1509 anni
487 1457 635 1526 permiscet
652 1456 739 1523 frigus
755 1461 781 1508 et
798 1458 912 1521 aestum,

144 1547 260 1599 querum
266 1535 488 1600 utrumqueopus
495 1538 539 1587 est
546 1530 950 1598 fabricandaadfulminanubi‚
962 1546 998 1586 aaa

144 1610 178 1660 ut
194 1606 331 1661 discordia
347 1609 385 1660 sit
401 1625 494 1663 rerum
510 1607 665 1677 magnoque
682 1607 802 1662 tumultu

130 1682 253 1754 ignibus
271 1687 301 1737 et
317 1684 406 1756 ventis
422 1684 588 1739 furibundus
604 1681 719 1739 fluctuet
736 1700 791 1738 aer.

143 1759 235 1828 prima
251 1759 348 1813 caloris
365 1760 437 1814 enim
455 1777 520 1831 pars
538 1766 567 1816 et
584 1766 724 1832 postrema
741 1760 845 1830 rigoris,

145 1838 256 1904 tenipus
273 1834 304 1888 id
321 1838 365 1889 est
382 1852 510 1903 vernum5
528 1855 615 1906 quare
630 1855 753 1908 pugnare
770 1840 910 1892 necessest

145 1910 286 1964 dissimilis
304 1928 349 1965 rea
363 1912 438 1971 inter
456 1930 486 1968 se
503 1914 672 1983 turbareque
689 1915 797 1969 mixtas.
841 1962 843 1965 .
962 1927 999 1967 ste

144 1990 175 2040 et
192 1986 266 2041 calor
284 1990 425 2042 extremus
442 1991 530 2059 primo
549 2007 612 2044 cum
628 1991 731 2059 frigore
749 1991 853 2044 mixtus

145 2062 272 2132 volvitur,
292 2064 416 2118 autumni
434 2066 509 2133 quod
525 2069 614 2122 fertur
630 2068 740 2121 nomine
757 2069 873 2135 tompus,

144 2138 188 2192 hic
206 2155 315 2208 qnoque
333 2141 484 2211 confligunt
501 2143 604 2198 hiemes
622 2143 772 2199 aestatibus
789 2157 874 2196 acres.

143 2219 294 2285 propterea
303 2217 386 2282 freto
404 2223 469 2273 sunt
485 2220 552 2274 haec
570 2221 635 2274 anni
651 2219 847 2287 nominitanda,

143 2307 195 2344 nec
211 2291 347 2360 mirumst,
364 2295 394 2348 in
411 2297 486 2350 cosi
503 2300 629 2367 tempore
646 2297 764 2367 plurima
781 2295 852 2350 fiunt
963 2307 999 2348 aas

144 2366 259 2420 fulmina
276 2370 482 2440 tempestasque
499 2373 591 2431 eierare
608 2373 719 2427 turbida
736 2371 818 2439 caele,

144 2442 256 2511 ancipiti
275 2446 401 2512 quoniam
419 2447 491 2503 bello
509 2450 638 2505 turbatur
655 2449 802 2518 utrimque,

145 2519 209 2572 hinc
227 2518 343 2574 flammis
360 2521 436 2579 illinc
453 2527 543 2603 vertis
560 2543 709 2595 umoreque
728 2526 821 2580 mixto.

180 2595 242 2666 Hpc
259 2599 303 2649 est
320 2597 428 2664 igniferi
445 2606 572 2656 naturam
589 2602 710 2656 fulminis
726 2601 814 2670 ipsam

143 2671 308 2740 perspicere,
318 2677 348 2727 et
365 2692 420 2744 qua
437 2679 464 2732 vi
481 2679 564 2734 faciat
582 2696 642 2732 rem
659 2694 795 2747 quamque
812 2677 915 2744 videro,
961 2692 998 2730 eso

143 2763 198 2800 non
216 2746 355 2815 Tyrrhena
372 2756 448 2807 retro
466 2756 619 2810 volventem
637 2756 758 2809 carmina
774 2754 878 2808 frustra

67 2883 72 2890 ,
143 2823 247 2878 indicia
263 2826 386 2889 occultae
398 2831 497 2887 ⁴divum
515 2833 674 2903 perquirere
692 2831 799 2899 mentis,

143 2899 219 2954 unde
235 2899 329 2955 volans
345 2904 416 2973 ignis
434 2910 591 2977 pervenerit
608 2913 656 2963 aut
673 2908 702 2962 in
719 2911 810 2962 utram
828 2922 858 2959 se
888 2958 892 2961 ,

60 3011 64 3015 -
144 2976 261 3029 verterit
278 2976 340 3032 hinc
358 2984 539 3053 partimque
556 2988 638 3052 pacto
655 3001 705 3054 per
722 2984 781 3036 loca
798 2985 895 3050 saepta

143 3052 294 3119 insinuarit,
311 3057 342 3107 et
358 3056 421 3112 hinc
439 3059 595 3113 dominatus
612 3062 645 3113 ut
662 3059 791 3115 extulerit
809 3073 846 3125 se,
961 3071 998 3110 aas

144 3126 246 3197 quidve
262 3143 363 3184 nocere
380 3138 465 3201 queat
482 3134 523 3188 de
535 3134 610 3188 caelo
627 3134 746 3188 fulminis
762 3134 841 3191 irtus
