2190 3398
522 92 576 150 III
938 95 974 152 77

121 214 251 266 eorpore;
269 197 439 264 quopropter
456 196 571 255 mortale
589 199 738 264 utrumque
755 197 945 264 putandumst,

121 275 150 327 in
168 273 270 327 multas
288 272 417 340 quoniam
434 272 521 340 partis
538 271 683 326 disciditur
701 289 794 340 ecque.

116 396 120 407 ,
160 350 311 404 Praeterea
328 349 352 402 si
369 348 523 402 inmortalis
540 352 640 402 natura
656 349 757 401 animai
787 394 791 401 .
945 363 982 403 oro

123 431 235 482 constat
254 429 284 480 et
301 425 330 478 in
347 440 447 493 corpus
460 420 640 486 nascentibus
656 424 817 492 insinuetur,

125 521 176 558 cur
197 519 282 571 super
299 503 454 555 anteactam
471 503 591 554 aetatem
609 501 765 555 meminisse
782 499 928 567 nequimus

124 597 175 634 nec
192 578 310 647 vestigia
327 581 474 646 gesturum
484 594 577 632 rerum
594 578 650 631 ulla
667 579 809 631 tenemus?
834 600 840 609 ¹
896 616 899 623 .

124 673 188 710 nam
205 656 230 709 si
247 658 325 708 tanto
343 654 553 722 operestunimi
570 657 678 708 mutata
695 657 826 724 potestas,

125 732 214 786 omnis
231 734 264 785 nt
281 733 405 784 actarum
422 729 556 784 exciderit
573 730 722 784 retinentis
738 747 838 798 rerum,
947 743 982 784 trs

126 825 188 876 non,
206 811 240 861 ut
257 807 361 876 opinor,
378 805 410 859 id
425 823 444 860 a
460 807 516 861 leto
534 806 589 859 iam
606 806 725 874 lengiter
742 809 833 872 ermt3

126 886 297 953 quopropter
314 883 418 936 fateare
436 886 575 936 necessest
593 898 663 950 quse
680 882 734 935 fuit
751 885 816 936 oute

126 960 266 1014 interiissc
284 962 313 1012 et
330 975 401 1026 quse
419 975 490 1011 nunc
508 961 552 1011 est
569 973 641 1011 nunc
658 974 719 1012 esse
736 960 863 1012 creatum.

165 1036 314 1089 Praeterea
332 1035 354 1088 si
372 1034 426 1088 iam
444 1034 567 1103 perfecto
584 1049 697 1102 corpore
713 1033 792 1089 nobis

125 1111 223 1166 inferri
240 1110 348 1164 solitast
366 1110 447 1164 animi
465 1110 558 1164 vivete
575 1113 698 1178 potestas
830 1154 833 1159 ⁴
944 1123 982 1163 eso

126 1193 188 1242 tum
205 1203 268 1242 curu
284 1186 422 1255 gignimur
440 1191 469 1241 et
487 1186 561 1240 vitae
579 1200 641 1239 cum
659 1186 742 1239 limen
760 1185 867 1251 inimus,

126 1263 201 1318 haud
219 1264 259 1318 ita
277 1262 454 1328 conveniebat
472 1262 513 1315 uti
531 1278 592 1315 cum
610 1278 725 1331 corpore
742 1265 772 1316 et
789 1278 843 1315 uno

126 1358 190 1394 cum
207 1339 337 1394 membris
355 1340 481 1392 rideatur
498 1339 527 1391 in
544 1338 603 1407 ipso
621 1339 753 1406 sunguine
772 1354 870 1406 cresse,

127 1417 178 1470 scd
195 1416 316 1469 velutin
334 1431 418 1469 ceres
434 1431 485 1484 per
503 1431 532 1467 so
550 1413 602 1466 sibi
620 1415 713 1468 rivere
731 1413 824 1468 solam.

125 1507 247 1542 oomnis
257 1507 290 1540 m·
300 1506 376 1539 SENEU
387 1507 477 1539 GOBPUS
489 1507 574 1539 TAREN
588 1505 698 1538 Arnon
712 1505 780 1537 om
944 1507 982 1546 635

78 1599 113 1631 eso
127 1570 203 1639 quod
221 1570 280 1624 fieri
297 1573 388 1624 totum
398 1573 502 1631 contre
518 1569 662 1623 manifesta
680 1567 762 1622 docet
779 1584 831 1623 res.

126 1663 247 1715 namque
265 1646 306 1700 ita
322 1662 427 1700 conexa
443 1648 486 1699 est
503 1662 554 1715 per
571 1661 655 1699 venos
672 1644 777 1698 viscera
794 1661 892 1699 nervos

127 1739 252 1791 ossaque,
270 1721 312 1775 uti
329 1721 428 1775 dentes
446 1738 555 1790 quoque
574 1737 655 1775 sensu
672 1720 887 1789 participentur3

126 1815 235 1852 morsus
253 1801 285 1851 ut
302 1798 405 1851 indicat
422 1800 451 1851 et
468 1798 568 1865 gelidai
587 1797 706 1864 stringor
723 1796 804 1864 aquai

126 1879 159 1929 et
176 1875 245 1944 lepis
262 1890 416 1944 oppressus,
434 1873 519 1927 subiit
536 1875 559 1926 si
577 1890 593 1927 e
610 1871 742 1940 frugibus,
760 1889 847 1941 asper.
947 1887 985 1925 ooo

80 1972 115 2004 m
127 1967 217 2021 quere
228 1950 313 2004 ctiam
325 1952 409 2018 etque
421 1950 503 2004 etiam
513 1965 602 2019 neque
612 1947 724 2014 originis
733 1964 793 2001 esse
802 1948 983 2016 putandumst

128 2027 254 2096 expertis
272 2026 377 2079 enimes
394 2041 444 2080 nee
462 2025 511 2079 leti
529 2025 591 2093 lege
609 2024 718 2078 solutos.

127 2120 193 2157 nam
211 2118 301 2170 neque
318 2104 396 2156 tanto
414 2117 496 2169 opere
514 2101 622 2156 adnecti
640 2100 762 2168 potuisse
779 2099 960 2168 putandumst

80 2195 115 2228 sse
127 2177 288 2248 cerporibus
305 2177 406 2231 nostris
424 2177 594 2231 extrinsecus
612 2176 768 2242 insinuatas,

126 2272 187 2325 nec,
205 2256 263 2308 tarn
280 2257 425 2308 contextae
443 2269 505 2306 curn
523 2253 586 2320 sint,
605 2251 681 2306 exire
697 2251 827 2305 ridentur
948 2263 984 2303 ose

126 2330 278 2385 incolumes
295 2333 422 2398 possset
441 2329 529 2382 selvas
547 2328 686 2383 exsolvere
703 2343 764 2381 sese

127 2405 255 2460 omnibus
272 2421 288 2458 e
305 2405 396 2458 nervis
414 2408 499 2473 utque
517 2406 624 2458 ossibus
642 2403 825 2471 articulisque.

128 2481 206 2551 quod
224 2482 246 2534 si
264 2481 336 2535 forte
353 2485 434 2549 putas
452 2481 622 2535 extrinsecus
638 2479 804 2545 insinuatam

128 2573 291 2626 permanare
308 2557 425 2610 animem
443 2557 520 2625 nobis
537 2574 587 2624 per
605 2554 728 2609 membra
746 2555 842 2621 solere,

128 2637 209 2707 tanto
227 2633 328 2701 quique
346 2633 433 2700 magis
451 2649 512 2686 cum
530 2649 644 2700 corporo
661 2631 723 2683 fuse
740 2629 851 2699 peribit.
948 2641 984 2684 roc

129 2707 207 2777 quod
223 2711 367 2777 permonet
385 2709 457 2761 enim
476 2708 639 2775 dissolvitur,
658 2706 754 2760 interit
772 2721 845 2773 crgo.
976 2696 982 2709 ’

131 2785 296 2854 dispertitus
314 2785 387 2839 enirn
405 2800 455 2854 per
472 2785 563 2839 carnes
582 2784 702 2852 corporis
719 2781 806 2834 omnis
851 2843 855 2849 ¹

129 2863 163 2915 ut
180 2860 265 2928 cibus,
283 2860 312 2913 in
329 2859 453 2914 membra
469 2865 553 2929 atque
570 2864 647 2913 artus
664 2874 726 2912 eum
743 2856 850 2911 diditur
867 2857 962 2923 omnis,

129 2936 249 3005 disperit
265 2940 349 3004 etque
366 2936 447 2989 aliam
464 2941 591 2990 naturam
609 2935 707 2987 sufficit
724 2949 759 2986 ex
776 2949 813 3003 se,

130 3012 172 3066 sic
185 3010 275 3080 anima
289 3015 374 3081 etque
392 3012 496 3064 enimus
515 3009 639 3076 queurvis
656 3008 765 3072 integre
781 3021 876 3057 recens
892 3006 926 3055 ie
949 3017 986 3056 ros

130 3105 232 3158 eorpus
250 3091 325 3154 eunt,
342 3090 436 3139 tamen
453 3087 481 3136 in
498 3082 633 3135 monendo
650 3080 843 3140 dissoluuntur,

131 3164 201 3219 dum
218 3164 298 3234 quusi
315 3178 366 3231 per
384 3159 475 3213 caulas
493 3156 580 3208 omnis
598 3153 731 3204 diduntur
748 3150 776 3199 in
794 3152 871 3199 ortus
