<?xml version="1.0" encoding="UTF-8"?>
<!DOCTYPE html PUBLIC "-//W3C//DTD XHTML 1.0 Transitional//EN"
    "http://www.w3.org/TR/xhtml1/DTD/xhtml1-transitional.dtd">
<html xmlns="http://www.w3.org/1999/xhtml" xml:lang="en" lang="en">
 <head>
  <title>
</title>
<meta http-equiv="Content-Type" content="text/html;charset=utf-8" />
  <meta name='ocr-system' content='tesseract 3.04.00' />
  <meta name='ocr-capabilities' content='ocr_page ocr_carea ocr_par ocr_line ocrx_word'/>
</head>
<body>
  <div class='ocr_page' id='page_1' title='image "./tlucreticarider08munrgoog_0015.png"; bbox 0 0 2138 3404; ppageno 0'>
   <div class='ocr_carea' id='block_1_1' title="bbox 502 111 528 161">
    <p class='ocr_par' dir='ltr' id='par_1_1' title="bbox 502 111 528 161">
     <span class='ocr_line' id='line_1_1' title="bbox 502 111 528 161; baseline 0 0"><span class='ocrx_word' id='word_1_1' title='bbox 502 111 528 161; x_wconf 74' lang='lat' dir='ltr'><em>ri</em></span> 
     </span>
    </p>
   </div>
   <div class='ocr_carea' id='block_1_2' title="bbox 89 238 944 2624">
    <p class='ocr_par' dir='ltr' id='par_1_2' title="bbox 143 238 666 296">
     <span class='ocr_line' id='line_1_2' title="bbox 143 238 666 296; baseline -0.011 0"><span class='ocrx_word' id='word_1_2' title='bbox 143 249 190 296; x_wconf 92' lang='grc'><em>121</em></span> <span class='ocrx_word' id='word_1_3' title='bbox 227 253 329 294; x_wconf 74' lang='lat' dir='ltr'><em>eniens</em></span> <span class='ocrx_word' id='word_1_4' title='bbox 366 238 666 296; x_wconf 82' lang='lat' dir='ltr'><em>Lachmennuseidern.</em></span> 
     </span>
    </p>

    <p class='ocr_par' dir='ltr' id='par_1_3' title="bbox 89 320 942 821">
     <span class='ocr_line' id='line_1_3' title="bbox 141 320 942 394; baseline -0.007 -14"><span class='ocrx_word' id='word_1_5' title='bbox 141 327 208 382; x_wconf 82' lang='lat' dir='ltr'><strong>Post</strong></span> <span class='ocrx_word' id='word_1_6' title='bbox 226 334 274 383; x_wconf 82' lang='lat'><em>189</em></span> <span class='ocrx_word' id='word_1_7' title='bbox 288 344 343 381; x_wconf 89' lang='lat' dir='ltr'><em>non</em></span> <span class='ocrx_word' id='word_1_8' title='bbox 359 326 456 381; x_wconf 84' lang='lat' dir='ltr'><em>dubito</em></span> <span class='ocrx_word' id='word_1_9' title='bbox 473 326 539 394; x_wconf 90' lang='lat' dir='ltr'><em>quin</em></span> <span class='ocrx_word' id='word_1_10' title='bbox 551 324 632 378; x_wconf 82' lang='lat' dir='ltr'>huius</span> <span class='ocrx_word' id='word_1_11' title='bbox 646 324 705 377; x_wconf 86' lang='lat' dir='ltr'><em>iere</em></span> <span class='ocrx_word' id='word_1_12' title='bbox 718 321 792 376; x_wconf 83' lang='lat' dir='ltr'>modi</span> <span class='ocrx_word' id='word_1_13' title='bbox 807 320 942 377; x_wconf 83' lang='lat' dir='ltr'><em>exciderit</em></span> 
     </span>
     <span class='ocr_line' id='line_1_4' title="bbox 89 414 940 481; baseline -0.008 -13"><span class='ocrx_word' id='word_1_14' title='bbox 89 430 185 468; x_wconf 85' lang='lat' dir='ltr'><em>versus</em></span> <span class='ocrx_word' id='word_1_15' title='bbox 196 415 253 468; x_wconf 80' lang='lat' dir='ltr'><em>Itee</em></span> <span class='ocrx_word' id='word_1_16' title='bbox 264 414 403 481; x_wconf 78' lang='lat' dir='ltr'><em>quonium</em></span> <span class='ocrx_word' id='word_1_17' title='bbox 420 419 548 467; x_wconf 84' lang='lat' dir='ltr'><em>crescunt</em></span> <span class='ocrx_word' id='word_1_18' title='bbox 565 419 660 466; x_wconf 73' lang='lat' dir='ltr'><em>omnies</em></span> <span class='ocrx_word' id='word_1_19' title='bbox 678 418 703 466; x_wconf 85' lang='lat' dir='ltr'><em>et</em></span> <span class='ocrx_word' id='word_1_20' title='bbox 722 417 846 478; x_wconf 78' lang='lat' dir='ltr'><em>tempore</em></span> <span class='ocrx_word' id='word_1_21' title='bbox 860 414 940 463; x_wconf 85' lang='lat' dir='ltr'><em>certe.</em></span> 
     </span>
     <span class='ocr_line' id='line_1_5' title="bbox 89 493 942 567; baseline -0.008 -15"><span class='ocrx_word' id='word_1_22' title='bbox 89 499 212 553; x_wconf 81' lang='lat' dir='ltr'><em>conferas</em></span> <span class='ocrx_word' id='word_1_23' title='bbox 229 499 310 552; x_wconf 80' lang='lat' dir='ltr'>velim</span> <span class='ocrx_word' id='word_1_24' title='bbox 328 515 399 567; x_wconf 84' lang='lat' dir='ltr'><em>quae</em></span> <span class='ocrx_word' id='word_1_25' title='bbox 416 498 444 550; x_wconf 88' lang='lat' dir='ltr'>in</span> <span class='ocrx_word' id='word_1_26' title='bbox 463 497 550 551; x_wconf 78' lang='lat' dir='ltr'><em>annal.</em></span> <span class='ocrx_word' id='word_1_27' title='bbox 569 496 699 566; x_wconf 81' lang='lat' dir='ltr'><strong>philolog.</strong></span> <span class='ocrx_word' id='word_1_28' title='bbox 717 493 871 549; x_wconf 76' lang='lat' dir='ltr'><em>Cantabr.1</em></span> <span class='ocrx_word' id='word_1_29' title='bbox 890 495 942 550; x_wconf 87' lang='grc'><em>374</em></span> 
     </span>
     <span class='ocr_line' id='line_1_6' title="bbox 90 581 941 652; baseline -0.004 -17"><span class='ocrx_word' id='word_1_30' title='bbox 90 584 191 652; x_wconf 81' lang='lat' dir='ltr'>scripsi.</span> <span class='ocrx_word' id='word_1_31' title='bbox 228 582 418 636; x_wconf 80' lang='lat' dir='ltr'><em>Lachmannus</em></span> <span class='ocrx_word' id='word_1_32' title='bbox 429 589 461 636; x_wconf 90' lang='lat' dir='ltr'><em>ut</em></span> <span class='ocrx_word' id='word_1_33' title='bbox 471 599 533 650; x_wconf 81' lang='lat' dir='ltr'><em>pur</em></span> <span class='ocrx_word' id='word_1_34' title='bbox 544 589 585 636; x_wconf 85' lang='lat' dir='ltr'><em>est</em></span> <span class='ocrx_word' id='word_1_35' title='bbox 598 582 704 636; x_wconf 75' lang='lat' dir='ltr'><em>cornino</em></span> <span class='ocrx_word' id='word_1_36' title='bbox 720 588 793 635; x_wconf 90' lang='lat' dir='ltr'><em>certo</em></span> <span class='ocrx_word' id='word_1_37' title='bbox 806 581 941 647; x_wconf 78' lang='lat' dir='ltr'><em>Crescere,</em></span> 
     </span>
     <span class='ocr_line' id='line_1_7' title="bbox 89 664 942 736; baseline -0.004 -16"><span class='ocrx_word' id='word_1_38' title='bbox 89 683 186 734; x_wconf 82' lang='lat' dir='ltr'><em>resque</em></span> <span class='ocrx_word' id='word_1_39' title='bbox 204 684 293 735; x_wconf 67' lang='lat' dir='ltr'><em>uenus</em></span> <span class='ocrx_word' id='word_1_40' title='bbox 315 674 430 722; x_wconf 79' lang='lat' dir='ltr'><em>serrant</em></span> <span class='ocrx_word' id='word_1_41' title='bbox 436 686 449 732; x_wconf 91' lang='lat'><em>,·</em></span> <span class='ocrx_word' id='word_1_42' title='bbox 474 667 559 722; x_wconf 83' lang='lat' dir='ltr'><em>editio</em></span> <span class='ocrx_word' id='word_1_43' title='bbox 584 667 703 736; x_wconf 83' lang='lat' dir='ltr'><em>Iuntina,</em></span> <span class='ocrx_word' id='word_1_44' title='bbox 727 682 810 735; x_wconf 84' lang='lat' dir='ltr'><em>quam</em></span> <span class='ocrx_word' id='word_1_45' title='bbox 832 664 942 735; x_wconf 80' lang='lat' dir='ltr'>pluiimi</span> 
     </span>
     <span class='ocr_line' id='line_1_8' title="bbox 89 751 740 821; baseline -0.002 -16"><span class='ocrx_word' id='word_1_46' title='bbox 89 752 176 805; x_wconf 87' lang='lat' dir='ltr'><em>secuti</em></span> <span class='ocrx_word' id='word_1_47' title='bbox 188 754 259 819; x_wconf 82' lang='lat' dir='ltr'><em>sunt,</em></span> <span class='ocrx_word' id='word_1_48' title='bbox 270 769 321 821; x_wconf 82' lang='lat' dir='ltr'><em>pro</em></span> <span class='ocrx_word' id='word_1_49' title='bbox 332 758 480 806; x_wconf 71' lang='lat' dir='ltr'><em>crescentes</em></span> <span class='ocrx_word' id='word_1_50' title='bbox 491 751 576 806; x_wconf 79' lang='lat' dir='ltr'><em>hebet</em></span> <span class='ocrx_word' id='word_1_51' title='bbox 587 752 740 806; x_wconf 84' lang='lat' dir='ltr'><em>crescendo.</em></span> 
     </span>
    </p>

    <p class='ocr_par' dir='ltr' id='par_1_4' title="bbox 90 833 943 1676">
     <span class='ocr_line' id='line_1_9' title="bbox 142 833 941 908; baseline -0.005 -17"><span class='ocrx_word' id='word_1_52' title='bbox 142 840 193 891; x_wconf 90' lang='grc'><em>230</em></span> <span class='ocrx_word' id='word_1_53' title='bbox 227 855 279 907; x_wconf 88' lang='lat' dir='ltr'><em>pre</em></span> <span class='ocrx_word' id='word_1_54' title='bbox 296 849 397 890; x_wconf 76' lang='lat' dir='ltr'><em>LoNes</em></span> <span class='ocrx_word' id='word_1_55' title='bbox 418 838 597 908; x_wconf 81' lang='lat' dir='ltr'><em>Berneysium</em></span> <span class='ocrx_word' id='word_1_56' title='bbox 616 842 727 892; x_wconf 82' lang='lat' dir='ltr'><em>secutus</em></span> <span class='ocrx_word' id='word_1_57' title='bbox 744 837 822 904; x_wconf 64' lang='lat' dir='ltr'><em>larue</em></span> <span class='ocrx_word' id='word_1_58' title='bbox 838 833 941 904; x_wconf 77' lang='lat' dir='ltr'>scripsi.</span> 
     </span>
     <span class='ocr_line' id='line_1_10' title="bbox 90 922 943 992; baseline -0.001 -15"><span class='ocrx_word' id='word_1_59' title='bbox 90 922 280 978; x_wconf 80' lang='lat' dir='ltr'><em>Lechmennus</em></span> <span class='ocrx_word' id='word_1_60' title='bbox 296 931 459 992; x_wconf 75' lang='lat' dir='ltr'><em>extentaque</em></span> <span class='ocrx_word' id='word_1_61' title='bbox 476 925 561 992; x_wconf 65' lang='lat' dir='ltr'><em>tenue.</em></span> <span class='ocrx_word' id='word_1_62' title='bbox 598 925 621 978; x_wconf 91' lang='lat' dir='ltr'>si</span> <span class='ocrx_word' id='word_1_63' title='bbox 638 924 682 979; x_wconf 77' lang='lat' dir='ltr'><em>vel</em></span> <span class='ocrx_word' id='word_1_64' title='bbox 699 924 792 979; x_wconf 81' lang='lat' dir='ltr'><em>merei</em></span> <span class='ocrx_word' id='word_1_65' title='bbox 809 922 943 990; x_wconf 71' lang='lat' dir='ltr'><em>inqenuei</em></span> 
     </span>
     <span class='ocr_line' id='line_1_11' title="bbox 91 1007 943 1081; baseline 0.001 -21"><span class='ocrx_word' id='word_1_66' title='bbox 91 1007 217 1075; x_wconf 84' lang='lat' dir='ltr'><em>seribere,</em></span> <span class='ocrx_word' id='word_1_67' title='bbox 230 1009 277 1063; x_wconf 79' lang='lat' dir='ltr'><em>vel·</em></span> <span class='ocrx_word' id='word_1_68' title='bbox 287 1009 411 1064; x_wconf 79' lang='lat' dir='ltr'><em>dativum</em></span> <span class='ocrx_word' id='word_1_69' title='bbox 422 1013 506 1065; x_wconf 71' lang='lat' dir='ltr'><em>murt</em></span> <span class='ocrx_word' id='word_1_70' title='bbox 519 1011 655 1078; x_wconf 82' lang='lat' dir='ltr'><em>Lucretio,</em></span> <span class='ocrx_word' id='word_1_71' title='bbox 673 1010 721 1081; x_wconf 90' lang='lat' dir='ltr'><em>qui</em></span> <span class='ocrx_word' id='word_1_72' title='bbox 731 1013 825 1064; x_wconf 82' lang='lat' dir='ltr'><em>temen</em></span> <span class='ocrx_word' id='word_1_73' title='bbox 836 1025 851 1063; x_wconf 84' lang='lat' dir='ltr'><em>e</em></span> <span class='ocrx_word' id='word_1_74' title='bbox 862 1011 943 1062; x_wconf 70' lang='lat' dir='ltr'><em>mure</em></span> 
     </span>
     <span class='ocr_line' id='line_1_12' title="bbox 91 1092 940 1163; baseline 0.004 -17"><span class='ocrx_word' id='word_1_75' title='bbox 91 1092 170 1162; x_wconf 82' lang='lat' dir='ltr'>dixit,</span> <span class='ocrx_word' id='word_1_76' title='bbox 177 1094 317 1163; x_wconf 80' lang='lat' dir='ltr'><em>adfingere</em></span> <span class='ocrx_word' id='word_1_77' title='bbox 328 1095 431 1163; x_wconf 76' lang='lat' dir='ltr'><em>liceret,</em></span> <span class='ocrx_word' id='word_1_78' title='bbox 438 1095 557 1150; x_wconf 77' lang='lat' dir='ltr'><em>libenter</em></span> <span class='ocrx_word' id='word_1_79' title='bbox 571 1098 722 1151; x_wconf 83' lang='lat' dir='ltr'><em>conicerem</em></span> <span class='ocrx_word' id='word_1_80' title='bbox 737 1097 819 1152; x_wconf 84' lang='lat' dir='ltr'><em>Unde</em></span> <span class='ocrx_word' id='word_1_81' title='bbox 828 1111 940 1150; x_wconf 86' lang='lat' dir='ltr'><em>rnurc...</em></span> 
     </span>
     <span class='ocr_line' id='line_1_13' title="bbox 90 1179 943 1252; baseline 0.004 -20"><span class='ocrx_word' id='word_1_82' title='bbox 90 1179 178 1248; x_wconf 65' lang='lat' dir='ltr'><em>unqe.</em></span> <span class='ocrx_word' id='word_1_83' title='bbox 215 1180 253 1234; x_wconf 86' lang='lat' dir='ltr'><em>sie</em></span> <span class='ocrx_word' id='word_1_84' title='bbox 270 1181 299 1234; x_wconf 90' lang='lat' dir='ltr'><em>in</em></span> <span class='ocrx_word' id='word_1_85' title='bbox 317 1186 367 1235; x_wconf 97' lang='grc'><em>326</em></span> <span class='ocrx_word' id='word_1_86' title='bbox 383 1198 493 1250; x_wconf 89' lang='lat' dir='ltr'><em>quoque</em></span> <span class='ocrx_word' id='word_1_87' title='bbox 510 1198 674 1249; x_wconf 80' lang='lat' dir='ltr'><em>marequee</em></span> <span class='ocrx_word' id='word_1_88' title='bbox 689 1183 846 1251; x_wconf 81' lang='lat' dir='ltr'><em>inpendent</em></span> <span class='ocrx_word' id='word_1_89' title='bbox 864 1197 943 1252; x_wconf 85' lang='lat' dir='ltr'><em>expe-</em></span> 
     </span>
     <span class='ocr_line' id='line_1_14' title="bbox 91 1263 943 1337; baseline 0.005 -20"><span class='ocrx_word' id='word_1_90' title='bbox 91 1263 199 1319; x_wconf 88' lang='lat' dir='ltr'><em>diretur</em></span> <span class='ocrx_word' id='word_1_91' title='bbox 215 1266 309 1320; x_wconf 79' lang='lat' dir='ltr'><em>oretis.</em></span> <span class='ocrx_word' id='word_1_92' title='bbox 345 1265 494 1320; x_wconf 84' lang='lat' dir='ltr'><em>Oreeehius</em></span> <span class='ocrx_word' id='word_1_93' title='bbox 512 1269 549 1334; x_wconf 83' lang='lat' dir='ltr'><em>ei,</em></span> <span class='ocrx_word' id='word_1_94' title='bbox 567 1267 642 1336; x_wconf 86' lang='lat' dir='ltr'><em>quod</em></span> <span class='ocrx_word' id='word_1_95' title='bbox 653 1268 745 1337; x_wconf 85' lang='lat' dir='ltr'><em>miror,</em></span> <span class='ocrx_word' id='word_1_96' title='bbox 758 1268 902 1323; x_wconf 78' lang='lat' dir='ltr'><em>Bentleius</em></span> <span class='ocrx_word' id='word_1_97' title='bbox 914 1269 943 1321; x_wconf 83' lang='lat' dir='ltr'><em>et</em></span> 
     </span>
     <span class='ocr_line' id='line_1_15' title="bbox 91 1351 943 1423; baseline -0.001 -18"><span class='ocrx_word' id='word_1_98' title='bbox 91 1351 256 1421; x_wconf 84' lang='lat' dir='ltr'><em>Berneysius</em></span> <span class='ocrx_word' id='word_1_99' title='bbox 272 1369 354 1407; x_wconf 86' lang='lat' dir='ltr'><em>mere</em></span> <span class='ocrx_word' id='word_1_100' title='bbox 366 1369 418 1423; x_wconf 91' lang='lat' dir='ltr'><em>pro</em></span> <span class='ocrx_word' id='word_1_101' title='bbox 433 1353 587 1407; x_wconf 69' lang='lat' dir='ltr'><em>aculeative</em></span> <span class='ocrx_word' id='word_1_102' title='bbox 601 1353 704 1408; x_wconf 83' lang='lat' dir='ltr'><em>habere</em></span> <span class='ocrx_word' id='word_1_103' title='bbox 722 1354 858 1409; x_wconf 82' lang='lat' dir='ltr'><em>videniur.</em></span> <span class='ocrx_word' id='word_1_104' title='bbox 892 1353 943 1405; x_wconf 85' lang='lat' dir='ltr'><em>hee</em></span> 
     </span>
     <span class='ocr_line' id='line_1_16' title="bbox 90 1436 943 1510; baseline 0.007 -21"><span class='ocrx_word' id='word_1_105' title='bbox 90 1436 142 1491; x_wconf 86' lang='lat' dir='ltr'><em>leci</em></span> <span class='ocrx_word' id='word_1_106' title='bbox 165 1439 310 1507; x_wconf 80' lang='lat' dir='ltr'><em>sententie,</em></span> <span class='ocrx_word' id='word_1_107' title='bbox 334 1439 441 1494; x_wconf 80' lang='lat' dir='ltr'>collatis</span> <span class='ocrx_word' id='word_1_108' title='bbox 467 1439 501 1493; x_wconf 90' lang='lat' dir='ltr'><em>iis</em></span> <span class='ocrx_word' id='word_1_109' title='bbox 526 1455 598 1510; x_wconf 85' lang='lat' dir='ltr'><em>quae</em></span> <span class='ocrx_word' id='word_1_110' title='bbox 622 1439 793 1510; x_wconf 77' lang='lat' dir='ltr'><em>praecedunt</em></span> <span class='ocrx_word' id='word_1_111' title='bbox 819 1444 849 1495; x_wconf 82' lang='lat' dir='ltr'><em>et</em></span> <span class='ocrx_word' id='word_1_112' title='bbox 873 1458 943 1510; x_wconf 77' lang='lat' dir='ltr'><em>quae</em></span> 
     </span>
     <span class='ocr_line' id='line_1_17' title="bbox 91 1526 943 1594; baseline 0.002 -17"><span class='ocrx_word' id='word_1_113' title='bbox 91 1528 228 1593; x_wconf 80' lang='lat' dir='ltr'><em>secuntur,</em></span> <span class='ocrx_word' id='word_1_114' title='bbox 246 1530 277 1580; x_wconf 87' lang='lat' dir='ltr'><em>et</em></span> <span class='ocrx_word' id='word_1_115' title='bbox 300 1541 324 1579; x_wconf 94' lang='lat'><em>11</em></span> <span class='ocrx_word' id='word_1_116' title='bbox 348 1531 408 1593; x_wconf 84' lang='grc'>590,</span> <span class='ocrx_word' id='word_1_117' title='bbox 431 1526 571 1594; x_wconf 81' lang='lat' dir='ltr'><em>postulare</em></span> <span class='ocrx_word' id='word_1_118' title='bbox 594 1526 713 1594; x_wconf 79' lang='lat' dir='ltr'><em>videtur,</em></span> <span class='ocrx_word' id='word_1_119' title='bbox 737 1526 848 1594; x_wconf 75' lang='lat' dir='ltr'>linguae</span> <span class='ocrx_word' id='word_1_120' title='bbox 871 1527 943 1581; x_wconf 81' lang='lat' dir='ltr'><em>ratio</em></span> 
     </span>
     <span class='ocr_line' id='line_1_18' title="bbox 91 1610 205 1676; baseline 0.009 -15"><span class='ocrx_word' id='word_1_121' title='bbox 91 1610 205 1676; x_wconf 78' lang='lat' dir='ltr'><em>respuit.</em></span> 
     </span>
    </p>

    <p class='ocr_par' dir='ltr' id='par_1_5' title="bbox 91 1693 942 1934">
     <span class='ocr_line' id='line_1_19' title="bbox 143 1693 942 1764; baseline 0.005 -18"><span class='ocrx_word' id='word_1_122' title='bbox 143 1696 192 1750; x_wconf 91' lang='grc'><em>271</em></span> <span class='ocrx_word' id='word_1_123' title='bbox 229 1709 280 1762; x_wconf 86' lang='lat' dir='ltr'><em>pro</em></span> <span class='ocrx_word' id='word_1_124' title='bbox 303 1704 415 1745; x_wconf 73' lang='lat' dir='ltr'><em>cessus</em></span> <span class='ocrx_word' id='word_1_125' title='bbox 439 1693 535 1763; x_wconf 81' lang='lat' dir='ltr'>scripsi</span> <span class='ocrx_word' id='word_1_126' title='bbox 560 1702 674 1764; x_wconf 75' lang='lat' dir='ltr'><em>portus,</em></span> <span class='ocrx_word' id='word_1_127' title='bbox 702 1698 814 1750; x_wconf 78' lang='lat' dir='ltr'><em>&#39;secutus</em></span> <span class='ocrx_word' id='word_1_128' title='bbox 842 1696 942 1750; x_wconf 78' lang='lat' dir='ltr'>libmrn</span> 
     </span>
     <span class='ocr_line' id='line_1_20' title="bbox 92 1779 941 1849; baseline -0.004 -15"><span class='ocrx_word' id='word_1_129' title='bbox 92 1780 172 1835; x_wconf 78' lang='lat' dir='ltr'>Laus.</span> <span class='ocrx_word' id='word_1_130' title='bbox 188 1780 256 1849; x_wconf 83' lang='lat' dir='ltr'>plui.</span> <span class='ocrx_word' id='word_1_131' title='bbox 273 1795 350 1834; x_wconf 81' lang='lat' dir='ltr'><strong>xxxv</strong></span> <span class='ocrx_word' id='word_1_132' title='bbox 364 1784 403 1834; x_wconf 85' lang='lat'><em>31.</em></span> <span class='ocrx_word' id='word_1_133' title='bbox 440 1779 630 1834; x_wconf 83' lang='lat' dir='ltr'><em>Lachmannus</em></span> <span class='ocrx_word' id='word_1_134' title='bbox 647 1787 749 1835; x_wconf 75' lang='lat' dir='ltr'><em>cautes,</em></span> <span class='ocrx_word' id='word_1_135' title='bbox 783 1780 864 1834; x_wconf 82' lang='lat' dir='ltr'><em>multi</em></span> <span class='ocrx_word' id='word_1_136' title='bbox 881 1797 941 1834; x_wconf 85' lang='lat' dir='ltr'><em>eum</em></span> 
     </span>
     <span class='ocr_line' id='line_1_21' title="bbox 91 1867 364 1934; baseline -0.011 -12"><span class='ocrx_word' id='word_1_137' title='bbox 91 1867 134 1922; x_wconf 84' lang='lat' dir='ltr'><em>ed.</em></span> <span class='ocrx_word' id='word_1_138' title='bbox 150 1867 224 1921; x_wconf 81' lang='lat' dir='ltr'><em>lunt.</em></span> <span class='ocrx_word' id='word_1_139' title='bbox 233 1872 364 1934; x_wconf 78' lang='lat' dir='ltr'><em>pontum.</em></span> 
     </span>
    </p>

    <p class='ocr_par' dir='ltr' id='par_1_6' title="bbox 91 1948 943 2107">
     <span class='ocr_line' id='line_1_22' title="bbox 143 1948 943 2021; baseline -0.004 -16"><span class='ocrx_word' id='word_1_140' title='bbox 143 1958 194 2008; x_wconf 86' lang='grc'><em>239</em></span> <span class='ocrx_word' id='word_1_141' title='bbox 229 1969 280 2021; x_wconf 87' lang='lat' dir='ltr'><em>pre</em></span> <span class='ocrx_word' id='word_1_142' title='bbox 303 1962 376 2003; x_wconf 76' lang='lat' dir='ltr'>RUIT</span> <span class='ocrx_word' id='word_1_143' title='bbox 392 1963 452 2010; x_wconf 73' lang='lat' dir='ltr'><em>ees</em></span> <span class='ocrx_word' id='word_1_144' title='bbox 475 1950 519 2005; x_wconf 70' lang='lat' dir='ltr'><em>bss</em></span> <span class='ocrx_word' id='word_1_145' title='bbox 545 1950 655 2019; x_wconf 85' lang='lat' dir='ltr'>scriptis</span> <span class='ocrx_word' id='word_1_146' title='bbox 684 1950 816 2004; x_wconf 80' lang='lat' dir='ltr'><em>extremis</em></span> <span class='ocrx_word' id='word_1_147' title='bbox 841 1948 943 2003; x_wconf 77' lang='lat' dir='ltr'><em>litteris</em></span> 
     </span>
     <span class='ocr_line' id='line_1_23' title="bbox 91 2036 769 2107; baseline -0.004 -13"><span class='ocrx_word' id='word_1_148' title='bbox 91 2040 179 2106; x_wconf 81' lang='lat' dir='ltr'><em>ruitq.</em></span> <span class='ocrx_word' id='word_1_149' title='bbox 190 2056 266 2107; x_wconf 73' lang='lat' dir='ltr'><em>uque</em></span> <span class='ocrx_word' id='word_1_150' title='bbox 279 2038 353 2094; x_wconf 87' lang='lat' dir='ltr'><em>dedi.</em></span> <span class='ocrx_word' id='word_1_151' title='bbox 388 2037 579 2092; x_wconf 83' lang='lat' dir='ltr'><em>Lachmannus</em></span> <span class='ocrx_word' id='word_1_152' title='bbox 591 2038 708 2104; x_wconf 78' lang='lat' dir='ltr'><em>ruitque</em></span> <span class='ocrx_word' id='word_1_153' title='bbox 720 2036 769 2091; x_wconf 85' lang='lat' dir='ltr'><em>ita.</em></span> 
     </span>
    </p>

    <p class='ocr_par' dir='ltr' id='par_1_7' title="bbox 91 2118 943 2279">
     <span class='ocr_line' id='line_1_24' title="bbox 143 2118 943 2194; baseline -0.008 -16"><span class='ocrx_word' id='word_1_154' title='bbox 143 2126 192 2178; x_wconf 90' lang='grc'><em>321</em></span> <span class='ocrx_word' id='word_1_155' title='bbox 229 2140 280 2194; x_wconf 88' lang='lat' dir='ltr'><em>pro</em></span> <span class='ocrx_word' id='word_1_156' title='bbox 295 2132 419 2175; x_wconf 75' lang='lat' dir='ltr'><em>sPnemM</em></span> <span class='ocrx_word' id='word_1_157' title='bbox 438 2123 503 2176; x_wconf 86' lang='lat' dir='ltr'><em>elim</em></span> <span class='ocrx_word' id='word_1_158' title='bbox 523 2121 625 2176; x_wconf 83' lang='lat' dir='ltr'><em>conieci</em></span> <span class='ocrx_word' id='word_1_159' title='bbox 637 2137 714 2188; x_wconf 79' lang='lat' dir='ltr'><em>spem</em></span> <span class='ocrx_word' id='word_1_160' title='bbox 733 2137 852 2188; x_wconf 86' lang='lat' dir='ltr'><em>omnem,</em></span> <span class='ocrx_word' id='word_1_161' title='bbox 869 2118 943 2189; x_wconf 87' lang='lat' dir='ltr'><em>quod</em></span> 
     </span>
     <span class='ocr_line' id='line_1_25' title="bbox 91 2208 477 2279; baseline -0.008 -14"><span class='ocrx_word' id='word_1_162' title='bbox 91 2226 127 2265; x_wconf 85' lang='lat' dir='ltr'><em>ne</em></span> <span class='ocrx_word' id='word_1_163' title='bbox 138 2226 210 2264; x_wconf 85' lang='lat' dir='ltr'><em>nunc</em></span> <span class='ocrx_word' id='word_1_164' title='bbox 222 2208 335 2279; x_wconf 88' lang='lat' dir='ltr'><em>quidem</em></span> <span class='ocrx_word' id='word_1_165' title='bbox 346 2208 477 2279; x_wconf 86' lang='lat' dir='ltr'>improbo.</span> 
     </span>
    </p>

    <p class='ocr_par' dir='ltr' id='par_1_8' title="bbox 91 2294 944 2624">
     <span class='ocr_line' id='line_1_26' title="bbox 144 2294 943 2367; baseline -0.009 -14"><span class='ocrx_word' id='word_1_166' title='bbox 144 2304 194 2354; x_wconf 86' lang='lat'><em>356</em></span> <span class='ocrx_word' id='word_1_167' title='bbox 229 2313 280 2367; x_wconf 84' lang='lat' dir='ltr'><em>pro</em></span> <span class='ocrx_word' id='word_1_168' title='bbox 291 2307 418 2348; x_wconf 73' lang='lat' dir='ltr'>POSSENT</span> <span class='ocrx_word' id='word_1_169' title='bbox 431 2295 527 2365; x_wconf 80' lang='lat' dir='ltr'>scripsi</span> <span class='ocrx_word' id='word_1_170' title='bbox 535 2294 648 2362; x_wconf 77' lang='lat' dir='ltr'><em>possint</em></span> <span class='ocrx_word' id='word_1_171' title='bbox 654 2312 667 2358; x_wconf 89' lang='lat'><em>;</em></span> <span class='ocrx_word' id='word_1_172' title='bbox 686 2297 848 2364; x_wconf 77' lang='lat' dir='ltr'><em>mutataque</em></span> <span class='ocrx_word' id='word_1_173' title='bbox 860 2295 943 2348; x_wconf 86' lang='lat' dir='ltr'><em>inter-</em></span> 
     </span>
     <span class='ocr_line' id='line_1_27' title="bbox 91 2379 942 2454; baseline -0.007 -16"><span class='ocrx_word' id='word_1_174' title='bbox 91 2385 240 2454; x_wconf 81' lang='lat' dir='ltr'><em>punctione</em></span> <span class='ocrx_word' id='word_1_175' title='bbox 270 2383 436 2437; x_wconf 81' lang='lat' dir='ltr'><em>senientiam</em></span> <span class='ocrx_word' id='word_1_176' title='bbox 465 2380 615 2449; x_wconf 82' lang='lat' dir='ltr'><em>planiorem</em></span> <span class='ocrx_word' id='word_1_177' title='bbox 644 2380 705 2435; x_wconf 83' lang='lat' dir='ltr'><em>ieci.</em></span> <span class='ocrx_word' id='word_1_178' title='bbox 752 2380 784 2433; x_wconf 83' lang='lat' dir='ltr'><em>ci.</em></span> <span class='ocrx_word' id='word_1_179' title='bbox 810 2379 942 2447; x_wconf 83' lang='lat' dir='ltr'>Madvigii</span> 
     </span>
     <span class='ocr_line' id='line_1_28' title="bbox 91 2466 944 2538; baseline -0.004 -14"><span class='ocrx_word' id='word_1_180' title='bbox 91 2469 198 2524; x_wconf 86' lang='lat' dir='ltr'><em>emend.</em></span> <span class='ocrx_word' id='word_1_181' title='bbox 210 2468 315 2523; x_wconf 81' lang='lat' dir='ltr'>Lirian.</span> <span class='ocrx_word' id='word_1_182' title='bbox 331 2485 356 2538; x_wconf 83' lang='lat' dir='ltr'><em>p.</em></span> <span class='ocrx_word' id='word_1_183' title='bbox 369 2473 420 2522; x_wconf 86' lang='grc'><em>302</em></span> <span class='ocrx_word' id='word_1_184' title='bbox 434 2467 551 2520; x_wconf 82' lang='lat' dir='ltr'><em>‘formae</em></span> <span class='ocrx_word' id='word_1_185' title='bbox 567 2483 622 2520; x_wconf 86' lang='lat' dir='ltr'><em>una</em></span> <span class='ocrx_word' id='word_1_186' title='bbox 632 2466 717 2519; x_wconf 74' lang='lat' dir='ltr'>vocali</span> <span class='ocrx_word' id='word_1_187' title='bbox 732 2466 868 2521; x_wconf 77' lang='lat' dir='ltr'><em>distantes</em></span> <span class='ocrx_word' id='word_1_188' title='bbox 880 2485 944 2536; x_wconf 79' lang='lat' dir='ltr'>pos-</span> 
     </span>
     <span class='ocr_line' id='line_1_29' title="bbox 91 2552 942 2624; baseline -0.002 -15"><span class='ocrx_word' id='word_1_189' title='bbox 91 2572 156 2624; x_wconf 82' lang='lat' dir='ltr'><em>sem,</em></span> <span class='ocrx_word' id='word_1_190' title='bbox 164 2554 280 2623; x_wconf 78' lang='lat' dir='ltr'><em>poesim,</em></span> <span class='ocrx_word' id='word_1_191' title='bbox 285 2559 385 2621; x_wconf 66' lang='lat' dir='ltr'><em>ructet,</em></span> <span class='ocrx_word' id='word_1_192' title='bbox 390 2552 481 2621; x_wconf 76' lang='lat' dir='ltr'><em>pessit</em></span> <span class='ocrx_word' id='word_1_193' title='bbox 488 2555 624 2621; x_wconf 78' lang='lat' dir='ltr'><em>perpetuo</em></span> <span class='ocrx_word' id='word_1_194' title='bbox 634 2568 727 2605; x_wconf 86' lang='lat' dir='ltr'><em>errore</em></span> <span class='ocrx_word' id='word_1_195' title='bbox 735 2554 942 2621; x_wconf 61' lang='lat' dir='ltr'><em>permutantur.</em></span> 
     </span>
    </p>
   </div>
   <div class='ocr_carea' id='block_1_3' title="bbox 91 2644 944 3227">
    <p class='ocr_par' dir='ltr' id='par_1_9' title="bbox 91 2644 944 3227">
     <span class='ocr_line' id='line_1_30' title="bbox 92 2644 944 2712; baseline -0.004 -10"><span class='ocrx_word' id='word_1_196' title='bbox 92 2647 281 2702; x_wconf 80' lang='lat' dir='ltr'><em>Lachmannus</em></span> <span class='ocrx_word' id='word_1_197' title='bbox 301 2645 422 2711; x_wconf 76' lang='lat' dir='ltr'><em>Quodn.</em></span> <span class='ocrx_word' id='word_1_198' title='bbox 439 2644 459 2698; x_wconf 82' lang='lat' dir='ltr'><em>r’.</em></span> <span class='ocrx_word' id='word_1_199' title='bbox 471 2645 539 2712; x_wconf 79' lang='lat' dir='ltr'><em>sint,</em></span> <span class='ocrx_word' id='word_1_200' title='bbox 551 2662 575 2712; x_wconf 78' lang='lat' dir='ltr'><em>q.</em></span> <span class='ocrx_word' id='word_1_201' title='bbox 586 2661 617 2712; x_wconf 79' lang='lat' dir='ltr'><em>p.</em></span> <span class='ocrx_word' id='word_1_202' title='bbox 629 2662 649 2699; x_wconf 89' lang='lat' dir='ltr'><em>e.</em></span> <span class='ocrx_word' id='word_1_203' title='bbox 662 2661 687 2711; x_wconf 79' lang='lat' dir='ltr'><em>q.</em></span> <span class='ocrx_word' id='word_1_204' title='bbox 710 2644 848 2700; x_wconf 75' lang='lat' dir='ltr'><em>Transire</em></span> <span class='ocrx_word' id='word_1_205' title='bbox 865 2645 944 2699; x_wconf 77' lang='lat' dir='ltr'><em>nand</em></span> 
     </span>
     <span class='ocr_line' id='line_1_31' title="bbox 92 2730 943 2802; baseline -0.002 -16"><span class='ocrx_word' id='word_1_206' title='bbox 92 2750 118 2787; x_wconf 92' lang='lat' dir='ltr'><em>u.</em></span> <span class='ocrx_word' id='word_1_207' title='bbox 136 2736 163 2799; x_wconf 74' lang='lat' dir='ltr'><em>fi</em></span> <span class='ocrx_word' id='word_1_208' title='bbox 179 2752 205 2788; x_wconf 89' lang='lat' dir='ltr'><em>r.</em></span> <span class='ocrx_word' id='word_1_209' title='bbox 222 2730 352 2798; x_wconf 56' lang='lat' dir='ltr'><em>viderem</em></span> <span class='ocrx_word' id='word_1_210' title='bbox 377 2731 451 2802; x_wconf 86' lang='lat' dir='ltr'><em>quod</em></span> <span class='ocrx_word' id='word_1_211' title='bbox 467 2732 513 2786; x_wconf 80' lang='lat' dir='ltr'>vix</span> <span class='ocrx_word' id='word_1_212' title='bbox 531 2731 660 2785; x_wconf 81' lang='lat' dir='ltr'><em>Latinum</em></span> <span class='ocrx_word' id='word_1_213' title='bbox 679 2730 808 2797; x_wconf 59' lang='lat' dir='ltr'><em>videtum</em></span> <span class='ocrx_word' id='word_1_214' title='bbox 831 2746 943 2800; x_wconf 75' lang='lat' dir='ltr'><em>prorsus</em></span> 
     </span>
     <span class='ocr_line' id='line_1_32' title="bbox 92 2816 942 2886; baseline -0.005 -13"><span class='ocrx_word' id='word_1_215' title='bbox 92 2819 165 2873; x_wconf 85' lang='lat' dir='ltr'><em>enim</em></span> <span class='ocrx_word' id='word_1_216' title='bbox 182 2818 322 2873; x_wconf 78' lang='lat' dir='ltr'><em>diversunt</em></span> <span class='ocrx_word' id='word_1_217' title='bbox 335 2822 378 2873; x_wconf 81' lang='lat' dir='ltr'><em>est</em></span> <span class='ocrx_word' id='word_1_218' title='bbox 403 2821 492 2876; x_wconf 76' lang='lat' dir='ltr'><strong>v276.</strong></span> <span class='ocrx_word' id='word_1_219' title='bbox 527 2821 578 2876; x_wconf 82' lang='lat'><em>357</em></span> <span class='ocrx_word' id='word_1_220' title='bbox 595 2816 725 2886; x_wconf 79' lang='lat' dir='ltr'><em>quadrati</em></span> <span class='ocrx_word' id='word_1_221' title='bbox 736 2827 895 2868; x_wconf 73' lang='lat' dir='ltr'><strong>VALERENT</strong></span> <span class='ocrx_word' id='word_1_222' title='bbox 908 2832 942 2869; x_wconf 88' lang='lat' dir='ltr'><em>ex</em></span> 
     </span>
     <span class='ocr_line' id='line_1_33' title="bbox 91 2902 705 2970; baseline 0 -14"><span class='ocrx_word' id='word_1_223' title='bbox 91 2903 231 2970; x_wconf 80' lang='lat' dir='ltr'><em>geminata</em></span> <span class='ocrx_word' id='word_1_224' title='bbox 241 2915 321 2955; x_wconf 78' lang='lat' dir='ltr'><strong>ULLA</strong></span> <span class='ocrx_word' id='word_1_225' title='bbox 332 2907 362 2957; x_wconf 81' lang='lat' dir='ltr'><em>et</em></span> <span class='ocrx_word' id='word_1_226' title='bbox 373 2915 473 2955; x_wconf 65' lang='lat'>11113111</span> <span class='ocrx_word' id='word_1_227' title='bbox 485 2907 576 2958; x_wconf 82' lang='lat' dir='ltr'><em>ortum</em></span> <span class='ocrx_word' id='word_1_228' title='bbox 587 2902 705 2957; x_wconf 80' lang='lat' dir='ltr'><em>videtur.</em></span> 
     </span>
     <span class='ocr_line' id='line_1_34' title="bbox 144 2986 942 3056; baseline -0.003 -14"><span class='ocrx_word' id='word_1_229' title='bbox 144 2992 194 3046; x_wconf 88' lang='grc'><em>367</em></span> <span class='ocrx_word' id='word_1_230' title='bbox 231 2990 274 3043; x_wconf 90' lang='lat' dir='ltr'><em>ed.</em></span> <span class='ocrx_word' id='word_1_231' title='bbox 286 2990 361 3044; x_wconf 82' lang='lat' dir='ltr'><em>Iuni.</em></span> <span class='ocrx_word' id='word_1_232' title='bbox 378 2994 455 3043; x_wconf 87' lang='lat' dir='ltr'><em>reete</em></span> <span class='ocrx_word' id='word_1_233' title='bbox 466 2990 551 3043; x_wconf 82' lang='lat' dir='ltr'><em>curui</em></span> <span class='ocrx_word' id='word_1_234' title='bbox 565 2989 670 3043; x_wconf 78' lang='lat' dir='ltr'><em>minus.</em></span> <span class='ocrx_word' id='word_1_235' title='bbox 707 2987 801 3056; x_wconf 81' lang='lat' dir='ltr'><em>quadr.</em></span> <span class='ocrx_word' id='word_1_236' title='bbox 821 2989 850 3041; x_wconf 84' lang='lat' dir='ltr'><em>ei</em></span> <span class='ocrx_word' id='word_1_237' title='bbox 868 2986 942 3040; x_wconf 88' lang='lat' dir='ltr'><em>sehe-</em></span> 
     </span>
     <span class='ocr_line' id='line_1_35' title="bbox 92 3071 940 3141; baseline 0.002 -16"><span class='ocrx_word' id='word_1_238' title='bbox 92 3071 145 3127; x_wconf 82' lang='lat' dir='ltr'><em>dse</em></span> <span class='ocrx_word' id='word_1_239' title='bbox 151 3086 269 3128; x_wconf 68' lang='lat' dir='ltr'><em>vicum</em></span> <span class='ocrx_word' id='word_1_240' title='bbox 281 3087 384 3127; x_wconf 74' lang='lat' dir='ltr'><em>mites</em></span> <span class='ocrx_word' id='word_1_241' title='bbox 411 3074 601 3128; x_wconf 80' lang='lat' dir='ltr'><em>Lachmannus</em></span> <span class='ocrx_word' id='word_1_242' title='bbox 613 3091 675 3127; x_wconf 86' lang='lat' dir='ltr'><em>eum</em></span> <span class='ocrx_word' id='word_1_243' title='bbox 685 3073 802 3141; x_wconf 80' lang='lat' dir='ltr'>oblongo</span> <span class='ocrx_word' id='word_1_244' title='bbox 812 3089 940 3127; x_wconf 80' lang='lat' dir='ltr'><em>uacuum.</em></span> 
     </span>
     <span class='ocr_line' id='line_1_36' title="bbox 144 3158 943 3227; baseline -0.003 -16"><span class='ocrx_word' id='word_1_245' title='bbox 144 3162 196 3212; x_wconf 88' lang='grc'><em>434</em></span> <span class='ocrx_word' id='word_1_246' title='bbox 213 3161 242 3213; x_wconf 89' lang='lat' dir='ltr'><em>et</em></span> <span class='ocrx_word' id='word_1_247' title='bbox 260 3164 311 3213; x_wconf 87' lang='grc'><em>435</em></span> <span class='ocrx_word' id='word_1_248' title='bbox 334 3159 551 3227; x_wconf 59' lang='lat' dir='ltr'><em>transgenendos</em></span> <span class='ocrx_word' id='word_1_249' title='bbox 573 3175 634 3213; x_wconf 86' lang='lat' dir='ltr'><em>esse</em></span> <span class='ocrx_word' id='word_1_250' title='bbox 656 3161 721 3213; x_wconf 81' lang='lat' dir='ltr'><em>ante</em></span> <span class='ocrx_word' id='word_1_251' title='bbox 740 3158 943 3213; x_wconf 82' lang='lat' dir='ltr'><em>Lachmnnnum</em></span> 
     </span>
    </p>
   </div>
   <div class='ocr_carea' id='block_1_4' title="bbox 0 0 1077 3404">
    <p class='ocr_par' dir='ltr' id='par_1_10' title="bbox 0 0 1077 3404">
     <span class='ocr_line' id='line_1_37' title="bbox 0 0 1077 3404; baseline 0 0"><span class='ocrx_word' id='word_1_252' title='bbox 0 0 1077 3404; x_wconf 95' lang='lat' dir='ltr'><em> </em></span> 
     </span>
    </p>
   </div>
  </div>
 </body>
</html>
