2190 3398
557 85 592 142 II
961 90 1002 149 59
1090 134 1091 147 ,

141 205 193 244 noc
210 189 361 245 tuditantia
377 205 438 244 rem
454 192 563 244 cessant
580 189 749 245 extrinsecus
765 189 849 246 ullam

140 282 258 336 corpora
275 267 408 320 conficere
425 269 456 320 et
472 265 563 336 plagis
579 266 679 320 infesta
694 265 814 320 domare.

176 342 222 397 Sic
238 342 324 410 igitur
340 343 432 410 magni
449 358 559 411 quoque
576 343 679 397 circum
697 342 805 396 moenia
821 343 917 398 mundi

85 422 300 490 ussexpugnotc
317 418 423 473 dabunt
440 418 529 473 lnbem
546 419 692 487 putrisquo
710 419 810 473 ruinas.

139 497 250 566 iamque
267 496 336 550 adeo
352 496 442 550 fracta
458 500 502 550 est
519 500 596 550 aetas
613 496 747 564 effetoque
764 496 847 551 tellus
954 514 1003 553 nso

139 572 188 628 vix
205 573 334 627 animalis
349 589 436 643 parve
452 576 529 627 creet
547 590 617 643 quae
636 578 735 628 cuncta
751 573 857 630 creavit

140 650 231 706 saecla
248 644 382 719 deditque
399 650 520 703 ferarum
535 650 660 719 ingentio
677 667 791 720 corpora
807 655 897 722 portu.

139 726 221 793 haud,
237 730 269 782 ut
286 726 389 796 opinor,
407 726 479 781 enim
496 727 623 782 mortalia
640 727 729 781 saecla
745 745 861 798 superno

139 820 224 858 curce
240 805 277 858 do
295 803 371 858 caelo
389 803 503 858 demisit
518 805 591 858 funis
608 805 636 857 in
654 819 720 856 arva

139 897 190 934 nec
208 896 283 934 mare
300 897 350 935 nec
367 880 466 935 fluctus
482 879 638 950 plangentis
655 895 721 933 saxa
737 884 871 949 crearunt,
956 896 1001 936 uss

139 957 190 1011 sed
206 957 302 1024 gemuit
319 957 401 1012 telius
419 957 516 1011 eedem
534 974 605 1026 quae
622 973 693 1011 nunc
711 956 761 1011 alit
777 973 812 1010 cx
830 974 867 1012 se.

138 1040 285 1103 praeterea
303 1035 405 1088 nitidas
423 1036 516 1104 fruges
533 1034 680 1103 vinetaque
697 1033 771 1088 laeta
820 1050 823 1056 ·

139 1115 237 1180 sponte
255 1129 305 1166 sua
320 1111 438 1181 primum
455 1111 616 1165 mortalibus
631 1112 692 1181 ipss
708 1112 818 1180 creavit
876 1134 878 1139 >

137 1195 200 1257 ipsa
217 1189 295 1243 dedit
313 1188 400 1242 dulcis
417 1189 489 1242 fctus
507 1193 537 1242 et
553 1187 654 1258 pabulo
671 1188 760 1254 ieeta3

139 1281 210 1332 quae
227 1282 300 1319 nunc
318 1265 364 1318 vix
382 1269 479 1319 nostro
492 1264 678 1332 grandescunt
695 1269 776 1320 aucte
792 1264 894 1333 laboro,
950 1281 999 1322 uec
1043 1288 1058 1303 ·’

110 1348 115 1355 ”
139 1341 361 1410 conterimusque
377 1340 461 1399 boves
479 1345 508 1394 et
525 1341 593 1394 viris
608 1331 797 1409 agricolanum
816 1348 863 1435 ‚fi
881 1388 927 1425 w„

136 1417 297 1471 conficimus
313 1418 417 1471 ferrum
433 1418 478 1470 vix
496 1417 568 1471 arvis
585 1418 771 1487 suppeditati:
916 1416 920 1425 '
955 1410 966 1429 ⁸

139 1510 226 1560 nmque
243 1494 315 1561 adeo
331 1498 448 1563 parcunt
464 1494 540 1548 setus
556 1499 716 1563 augentque
732 1493 850 1577 labore,

138 1571 248 1638 iamque
265 1574 349 1640 caput
367 1587 498 1640 quassans
514 1571 627 1638 grandis
644 1570 764 1641 suspirat
781 1575 873 1627 arator

138 1647 270 1714 crebrius,
288 1647 422 1702 incessum
440 1664 568 1701 munuum
586 1647 720 1702 cecidisse
735 1648 851 1718 labores,
950 1667 997 1705 uos

139 1726 248 1778 etcum
266 1729 392 1794 tempore
409 1723 579 1794 temporibus
596 1725 753 1794 praesentia
769 1728 875 1782 confert

138 1801 303 1868 plecteritis,
320 1802 415 1855 laudat
431 1801 555 1855 fortunas
573 1817 654 1870 scopo
672 1803 793 1870 parentis

84 1877 130 1912 ¹¹⁷⁰
139 1879 170 1930 et
187 1882 291 1947 crepat,
309 1878 430 1948 anticum
448 1894 535 1945 genus
551 1881 583 1931 ut
601 1877 706 1947 pictate
723 1880 859 1949 repletum

138 1954 269 2022 perfacile
287 1954 410 2023 angustis
426 1953 553 2008 tolerarit
570 1953 669 2008 finibus
686 1970 788 2024 aevom,

138 2046 202 2083 cum
220 2030 309 2083 irrinor
326 2035 400 2085 essct
417 2030 475 2099 agri
493 2030 580 2084 multo
597 2030 695 2085 modus
712 2036 777 2086 ante
794 2032 903 2087 viritim.
947 2048 994 2087 1111

84 2113 130 2147 ¹¹⁶⁸
138 2105 227 2160 tristis
243 2107 310 2160 item
328 2108 436 2162 vetulae
453 2107 516 2162 vitis
533 2110 609 2162 sotor
625 2112 709 2177 atque
726 2109 812 2163 vietae

139 2182 273 2252 temporis
290 2182 397 2237 incusat
413 2200 521 2237 momen
538 2184 697 2254 caelumque
714 2184 815 2253 fatigat

84 2272 130 2305 11⁷³
138 2274 190 2312 nec
207 2261 286 2312 tenet
303 2259 392 2312 omnia
408 2259 541 2328 paulatim
557 2259 699 2314 tabescere
717 2265 747 2315 et
762 2261 804 2314 irc

139 2335 176 2391 ad
194 2334 319 2406 capulum
338 2334 427 2405 spatio
444 2335 544 2390 aetatis
560 2335 669 2390 defessa
686 2339 801 2392 vetusto.
