2138 3404
113 104 153 162 20
531 94 569 158 1„

112 205 272 277 corporibus
289 204 393 260 faciunt
409 218 499 274 noque
516 220 629 274 pausam
647 208 722 260 stare
738 205 842 274 fragori

113 300 163 337 nec
181 298 306 352 prorsum
322 283 351 334 in
369 281 453 336 rebus
470 280 611 335 minimum
629 283 778 336 consistere
797 285 971 354 quicquam,-

112 377 175 415 cum
192 358 333 414 videamus
351 358 381 411 id
398 363 552 413 extremum
570 358 700 428 cuiusque
718 376 846 414 cacumen

112 453 173 492 esse
187 435 263 507 quod
280 435 317 489 ad
334 451 429 489 sensus
444 438 551 488 nostros
566 436 707 489 minimum
721 453 782 490 esse
795 439 916 509 ridetur,
934 456 972 496 too

112 514 236 568 conicere
253 516 286 566 ut
304 512 389 579 possis
407 528 442 565 cx
459 510 517 578 hoc,
536 528 606 580 quac
624 528 736 567 cornere
752 530 806 567 non
825 516 888 585 quis

112 594 267 645 extromum
284 588 359 657 quod
377 587 486 654 habeut,
506 589 646 642 minimum
665 591 867 647 consisteretur
886 594 952 650 illis.

113 667 166 720 huc
183 665 290 721 accedit
307 665 382 734 item,
402 667 530 735 quoniam
549 667 700 736 primordia
717 685 808 724 rerum

113 743 205 797 mollia
221 743 399 811 constituunt,
419 761 490 813 quac
508 761 557 797 nos
576 745 669 798 nativa
686 744 809 800 videmus

113 835 174 874 esse
192 823 221 873 et
237 820 348 873 mortali
366 837 428 874 eum
446 837 559 890 corpore
577 821 708 886 funditus,
725 825 810 891 utque
932 837 971 878 tes

114 895 215 950 debeat
232 894 268 948 ad
286 896 370 949 nilum
389 896 443 949 ianr
461 913 553 950 rerum
572 913 678 953 summa
692 899 795 953 reverti

114 971 150 1026 de
167 972 276 1041 niloque
293 976 390 1026 renata
408 973 547 1041 vigescere
564 974 642 1043 copia
659 991 750 1028 rerum
759 996 766 1041 ;

114 1064 229 1116 quorum
247 1053 394 1118 utrumque
411 1048 479 1118 qaid
496 1067 514 1104 a
530 1052 666 1105 veroium
684 1051 771 1106 distet
787 1050 910 1106 hebebis.

114 1123 214 1179 deinde
231 1126 339 1180 inimica
356 1125 445 1180 modis
462 1127 557 1182 multis
576 1132 640 1182 sunt
656 1131 740 1197 atquo
758 1145 864 1182 veneno

113 1201 174 1270 ipse
191 1201 243 1256 sibi
262 1202 334 1257 inter
351 1219 396 1269 se3
422 1220 507 1273 quare
525 1207 577 1261 aut
591 1220 735 1272 congresso
753 1204 883 1274 peribunt
932 1217 971 1260 mo

114 1280 162 1331 aut
179 1278 219 1332 ita
236 1279 380 1348 diffugient
398 1284 431 1333 ut
448 1283 615 1348 tempestato
633 1283 726 1335 coacto

115 1354 229 1408 fulmina
246 1355 380 1423 diffugere
399 1359 483 1425 atquo
500 1355 594 1409 imbris
615 1360 765 1425 ventosque
782 1356 916 1410 videmus.

152 1431 275 1501 Denique
292 1436 424 1501 quattuor
441 1448 476 1485 ox
494 1431 577 1486 robus
597 1433 620 1485 si
638 1436 736 1486 cuncto
753 1436 882 1486 creantur

115 1510 198 1574 etque
215 1509 243 1560 in
261 1526 307 1562 eas
325 1525 433 1561 rursum
451 1525 497 1562 res
515 1509 605 1562 omnia
623 1507 817 1574 dissoluuntur,

115 1583 161 1650 qui
180 1583 266 1650 nangis
284 1585 330 1637 ilia
349 1589 455 1651 queunt
474 1601 567 1638 rerum
585 1585 736 1654 primordia
753 1584 806 1637 dici
935 1599 970 1640 rot

116 1674 198 1725 quem
216 1665 310 1712 eontra
328 1677 372 1713 ros
390 1661 498 1714 illorum
517 1664 648 1730 retroque
665 1662 773 1730 putarit

116 1734 228 1787 alternis
245 1735 395 1801 gignuntur
413 1739 485 1791 enim
503 1741 666 1806 mutentque
683 1737 801 1790 colorem

117 1812 146 1862 ot
164 1812 250 1862 totam
269 1811 342 1864 inter
359 1829 388 1866 sc
406 1817 533 1867 riaturam
551 1816 676 1882 tempore
693 1813 729 1867 ab
747 1814 827 1867 omni.

117 1885 159 1939 sin
177 1886 216 1939 ita
233 1886 304 1941 forto
322 1892 402 1957 putas
420 1888 490 1958 ignis
508 1893 654 1957 terraeque
671 1891 744 1944 coire
935 1904 971 1946 tto

118 1976 216 2030 corpus
234 1966 263 2016 et
280 1964 368 2018 acrias
386 1982 465 2020 auras
483 1982 629 2035 roremque
647 1966 766 2035 liquoris,

117 2037 155 2090 nil
173 2038 201 2091 in
220 2040 332 2093 concilio
350 2045 476 2097 naturam
494 2046 526 2097 ut
544 2046 634 2096 mutet
652 2059 752 2111 corum,

118 2114 191 2167 nulla
208 2115 258 2169 tibi
277 2134 311 2171 ox
328 2118 382 2172 illis
400 2121 504 2186 poterit
521 2136 566 2173 res
584 2136 645 2174 esse
662 2123 762 2187 ereata,

117 2207 171 2243 non
189 2192 317 2260 animans,
336 2210 389 2247 non
409 2197 534 2250 exanimo
553 2212 615 2249 curn
634 2213 754 2265 corpore,
772 2198 804 2251 ut
821 2195 912 2251 orbos,

118 2267 219 2337 quippe
237 2287 313 2323 suram
334 2271 497 2341 quicquain
516 2278 596 2327 coetu
615 2272 746 2326 variantis
764 2273 852 2326 acervi
935 2286 972 2329 πε

120 2347 245 2398 naturam
264 2347 393 2401 ostendet
410 2350 569 2418 mixtusque
587 2347 727 2402 videbitur
745 2366 793 2402 aer

117 2436 178 2473 cum
195 2425 270 2474 terra
288 2423 368 2477 simul
386 2428 470 2493 utrque
488 2425 571 2481 ardor
588 2441 650 2478 curn
669 2442 730 2478 roro
748 2441 866 2478 munero.

117 2500 146 2550 at
164 2499 312 2566 primordie
330 2503 476 2570 gignundis
495 2504 523 2556 in
541 2504 624 2557 rebus
641 2508 751 2573 oportet

117 2578 243 2630 saturam
261 2577 458 2633 clandestinam
477 2596 640 2648 caecamque
657 2579 796 2647 adhibere,

118 2652 237 2708 emineat
253 2655 356 2723 nequid
374 2657 448 2723 quod
467 2661 562 2712 contro
579 2661 684 2726 pugnet
702 2661 731 2711 et
749 2657 842 2712 obstet
934 2654 984 2712 mo'

118 2729 260 2796 quominus
278 2748 338 2785 esso
358 2736 442 2801 queat
460 2735 571 2803 proprie
591 2734 781 2803 quodcumque
799 2735 916 2786 creetur.

155 2805 225 2869 Quin
244 2808 326 2861 etiam
345 2813 474 2878 repetunt
492 2828 509 2862 a
526 2811 601 2864 eaelo
619 2815 703 2878 atque
721 2809 829 2877 ignibus
847 2809 906 2862 eius

121 2881 149 2930 ot
166 2879 283 2944 primum
301 2882 405 2936 faciunt
423 2886 515 2952 iguem
534 2902 563 2938 so
581 2890 690 2940 vertero
707 2886 735 2938 in
753 2901 833 2938 arira-s

121 2952 199 3017 aeris,
216 2953 278 3006 hinc
297 2955 412 3009 imbrem
430 2960 505 3026 gigni
523 2964 681 3028 terramque
700 2962 787 3014 creari

122 3041 157 3075 cx
173 3026 253 3079 imbri
270 3034 401 3099 retroque
418 3050 435 3086 a
452 3039 528 3087 terre
545 3038 643 3087 cuncta
660 3036 770 3101 reverti,
936 3051 974 3093 tos

124 3113 246 3153 umorem
263 3104 391 3173 primum,
407 3111 471 3174 post
489 3126 561 3174 aera,
580 3109 680 3162 deinde
699 3111 824 3177 calorem,

123 3187 173 3223 nee
191 3189 297 3228 cessare
314 3177 381 3230 hacc
398 3180 473 3232 inter
490 3198 520 3233 so
537 3185 652 3245 nictare,
670 3200 761 3236 lucare
