<?xml version="1.0" encoding="UTF-8"?>
<!DOCTYPE html PUBLIC "-//W3C//DTD XHTML 1.0 Transitional//EN"
    "http://www.w3.org/TR/xhtml1/DTD/xhtml1-transitional.dtd">
<html xmlns="http://www.w3.org/1999/xhtml" xml:lang="en" lang="en">
 <head>
  <title>
</title>
<meta http-equiv="Content-Type" content="text/html;charset=utf-8" />
  <meta name='ocr-system' content='tesseract 3.04.00' />
  <meta name='ocr-capabilities' content='ocr_page ocr_carea ocr_par ocr_line ocrx_word'/>
</head>
<body>
  <div class='ocr_page' id='page_1' title='image "./tlucreticarider08munrgoog_0149.png"; bbox 0 0 2190 3398; ppageno 0'>
   <div class='ocr_carea' id='block_1_1' title="bbox 95 92 561 164">
    <p class='ocr_par' dir='ltr' id='par_1_1' title="bbox 95 92 561 164">
     <span class='ocr_line' id='line_1_1' title="bbox 95 92 561 164; baseline -0.015 0"><span class='ocrx_word' id='word_1_1' title='bbox 95 96 153 164; x_wconf 82' lang='lat' dir='ltr'>loo</span> <span class='ocrx_word' id='word_1_2' title='bbox 485 92 561 158; x_wconf 73' lang='lat'>1111</span> 
     </span>
    </p>
   </div>
   <div class='ocr_carea' id='block_1_2' title="bbox 88 198 1081 3172">
    <p class='ocr_par' dir='ltr' id='par_1_2' title="bbox 88 198 1081 3172">
     <span class='ocr_line' id='line_1_2' title="bbox 89 198 830 277; baseline -0.004 -16"><span class='ocrx_word' id='word_1_3' title='bbox 89 207 263 277; x_wconf 74' lang='lat' dir='ltr'>nequiquam,</span> <span class='ocrx_word' id='word_1_4' title='bbox 282 198 492 276; x_wconf 66' lang='lat' dir='ltr'>quoniam&#39;pars</span> <span class='ocrx_word' id='word_1_5' title='bbox 509 205 607 259; x_wconf 86' lang='lat' dir='ltr'>borum</span> <span class='ocrx_word' id='word_1_6' title='bbox 625 198 830 259; x_wconf 69' lang='lat' dir='ltr'>maximufaliit</span> 
     </span>
     <span class='ocr_line' id='line_1_3' title="bbox 89 281 956 355; baseline -0.002 -17"><span class='ocrx_word' id='word_1_7' title='bbox 89 288 202 355; x_wconf 89' lang='lat' dir='ltr'>propter</span> <span class='ocrx_word' id='word_1_8' title='bbox 220 283 347 352; x_wconf 75' lang='lat' dir='ltr'><strong>opinatus</strong></span> <span class='ocrx_word' id='word_1_9' title='bbox 364 282 447 336; x_wconf 90' lang='lat' dir='ltr'>animi</span> <span class='ocrx_word' id='word_1_10' title='bbox 465 299 532 351; x_wconf 89' lang='lat' dir='ltr'>quos</span> <span class='ocrx_word' id='word_1_11' title='bbox 550 281 677 337; x_wconf 80' lang='lat' dir='ltr'>addimus</span> <span class='ocrx_word' id='word_1_12' title='bbox 694 281 754 351; x_wconf 89' lang='lat' dir='ltr'>ipsi,</span> <span class='ocrx_word' id='word_1_13' title='bbox 913 284 956 336; x_wconf 73' lang='lat' dir='ltr'>sos</span> 
     </span>
     <span class='ocr_line' id='line_1_4' title="bbox 89 354 958 430; baseline -0.006 -15"><span class='ocrx_word' id='word_1_14' title='bbox 89 377 140 430; x_wconf 93' lang='lat' dir='ltr'>pro</span> <span class='ocrx_word' id='word_1_15' title='bbox 158 360 223 414; x_wconf 86' lang='lat' dir='ltr'>visis</span> <span class='ocrx_word' id='word_1_16' title='bbox 241 354 273 414; x_wconf 80' lang='lat' dir='ltr'>ut</span> <span class='ocrx_word' id='word_1_17' title='bbox 291 360 346 413; x_wconf 90' lang='lat' dir='ltr'>sint</span> <span class='ocrx_word' id='word_1_18' title='bbox 363 375 434 428; x_wconf 83' lang='lat' dir='ltr'>quae</span> <span class='ocrx_word' id='word_1_19' title='bbox 452 374 505 411; x_wconf 92' lang='lat' dir='ltr'>non</span> <span class='ocrx_word' id='word_1_20' title='bbox 524 361 588 411; x_wconf 88' lang='lat' dir='ltr'>sunt</span> <span class='ocrx_word' id='word_1_21' title='bbox 606 357 723 411; x_wconf 91' lang='lat' dir='ltr'>sensibu’</span> <span class='ocrx_word' id='word_1_22' title='bbox 742 358 806 411; x_wconf 87' lang='lat' dir='ltr'>visa</span> <span class='ocrx_word' id='word_1_23' title='bbox 952 417 958 427; x_wconf 32' lang='lat'>⁸</span> 
     </span>
     <span class='ocr_line' id='line_1_5' title="bbox 88 436 886 532; baseline -0.003 -41"><span class='ocrx_word' id='word_1_24' title='bbox 88 454 152 491; x_wconf 86' lang='lat' dir='ltr'>nam</span> <span class='ocrx_word' id='word_1_25' title='bbox 170 437 207 491; x_wconf 92' lang='lat' dir='ltr'>nil</span> <span class='ocrx_word' id='word_1_26' title='bbox 225 436 334 504; x_wconf 78' lang='lat' dir='ltr'><strong>aegrius</strong></span> <span class='ocrx_word' id='word_1_27' title='bbox 352 439 396 489; x_wconf 90' lang='lat' dir='ltr'>cst</span> <span class='ocrx_word' id='word_1_28' title='bbox 413 451 495 503; x_wconf 87' lang='lat' dir='ltr'>quam</span> <span class='ocrx_word' id='word_1_29' title='bbox 513 451 558 488; x_wconf 88' lang='lat' dir='ltr'>ros</span> <span class='ocrx_word' id='word_1_30' title='bbox 576 450 718 488; x_wconf 76' lang='lat' dir='ltr'>secernere</span> <span class='ocrx_word' id='word_1_31' title='bbox 736 439 886 532; x_wconf 43' lang='lat' dir='ltr'>apertas&amp;</span> 
     </span>
     <span class='ocr_line' id='line_1_6' title="bbox 89 510 835 580; baseline -0.005 -12"><span class='ocrx_word' id='word_1_32' title='bbox 89 514 124 568; x_wconf 87' lang='lat' dir='ltr'>ab</span> <span class='ocrx_word' id='word_1_33' title='bbox 142 512 240 580; x_wconf 88' lang='lat' dir='ltr'>dubiis,</span> <span class='ocrx_word' id='word_1_34' title='bbox 258 512 365 565; x_wconf 87' lang='lat' dir='ltr'>animus</span> <span class='ocrx_word' id='word_1_35' title='bbox 383 529 451 580; x_wconf 90' lang='lat' dir='ltr'>quas</span> <span class='ocrx_word' id='word_1_36' title='bbox 469 512 504 566; x_wconf 87' lang='lat' dir='ltr'>ab</span> <span class='ocrx_word' id='word_1_37' title='bbox 522 528 551 565; x_wconf 88' lang='lat' dir='ltr'>se</span> <span class='ocrx_word' id='word_1_38' title='bbox 569 510 695 580; x_wconf 83' lang='lat' dir='ltr'>protinus</span> <span class='ocrx_word' id='word_1_39' title='bbox 712 511 835 572; x_wconf 31' lang='lat' dir='ltr'>addit*</span> 
     </span>
     <span class='ocr_line' id='line_1_7' title="bbox 124 586 955 663; baseline -0.004 -20"><span class='ocrx_word' id='word_1_40' title='bbox 124 589 250 658; x_wconf 85' lang='lat' dir='ltr'>Denique</span> <span class='ocrx_word' id='word_1_41' title='bbox 266 588 305 642; x_wconf 92' lang='lat' dir='ltr'>nil</span> <span class='ocrx_word' id='word_1_42' title='bbox 324 589 386 642; x_wconf 89' lang='lat' dir='ltr'>sciri</span> <span class='ocrx_word' id='word_1_43' title='bbox 404 589 489 658; x_wconf 87' lang='lat' dir='ltr'>siquis</span> <span class='ocrx_word' id='word_1_44' title='bbox 506 591 596 656; x_wconf 86' lang='lat' dir='ltr'>putat,</span> <span class='ocrx_word' id='word_1_45' title='bbox 613 586 642 640; x_wconf 92' lang='lat' dir='ltr'>id</span> <span class='ocrx_word' id='word_1_46' title='bbox 661 604 771 656; x_wconf 91' lang='lat' dir='ltr'>quoque</span> <span class='ocrx_word' id='word_1_47' title='bbox 787 587 875 642; x_wconf 83' lang='lat' dir='ltr'>nescit</span> <span class='ocrx_word' id='word_1_48' title='bbox 950 652 955 663; x_wconf 19' lang='grc' dir='ltr'><em>ζ</em></span> 
     </span>
     <span class='ocr_line' id='line_1_8' title="bbox 89 664 956 734; baseline -0.001 -14"><span class='ocrx_word' id='word_1_49' title='bbox 89 683 124 720; x_wconf 91' lang='lat' dir='ltr'>an</span> <span class='ocrx_word' id='word_1_50' title='bbox 142 665 206 720; x_wconf 89' lang='lat' dir='ltr'>sciri</span> <span class='ocrx_word' id='word_1_51' title='bbox 223 664 317 734; x_wconf 90' lang='lat' dir='ltr'>possit,</span> <span class='ocrx_word' id='word_1_52' title='bbox 337 667 465 734; x_wconf 82' lang='lat' dir='ltr'>quoniam</span> <span class='ocrx_word' id='word_1_53' title='bbox 484 665 523 718; x_wconf 92' lang='lat' dir='ltr'>nil</span> <span class='ocrx_word' id='word_1_54' title='bbox 542 665 610 719; x_wconf 90' lang='lat' dir='ltr'>scire</span> <span class='ocrx_word' id='word_1_55' title='bbox 628 664 739 719; x_wconf 83' lang='lat' dir='ltr'>fatetur.</span> <span class='ocrx_word' id='word_1_56' title='bbox 913 678 956 719; x_wconf 70' lang='lat' dir='ltr'>ero</span> 
     </span>
     <span class='ocr_line' id='line_1_9' title="bbox 88 740 841 817; baseline -0.001 -23"><span class='ocrx_word' id='word_1_57' title='bbox 88 742 160 796; x_wconf 87' lang='lat' dir='ltr'>huuc</span> <span class='ocrx_word' id='word_1_58' title='bbox 176 741 261 809; x_wconf 82' lang='lat' dir='ltr'>igitur</span> <span class='ocrx_word' id='word_1_59' title='bbox 280 745 377 796; x_wconf 88' lang='lat' dir='ltr'>contra</span> <span class='ocrx_word' id='word_1_60' title='bbox 394 742 504 796; x_wconf 83' lang='lat' dir='ltr'>mittam</span> <span class='ocrx_word' id='word_1_61' title='bbox 523 740 690 795; x_wconf 79' lang='lat' dir='ltr'>contendere</span> <span class='ocrx_word' id='word_1_62' title='bbox 707 757 841 817; x_wconf 55' lang='lat' dir='ltr'>causam,</span> 
     </span>
     <span class='ocr_line' id='line_1_10' title="bbox 88 817 804 887; baseline -0.006 -16"><span class='ocrx_word' id='word_1_63' title='bbox 88 819 136 886; x_wconf 89' lang='lat' dir='ltr'>qui</span> <span class='ocrx_word' id='word_1_64' title='bbox 153 817 244 886; x_wconf 85' lang='lat' dir='ltr'>capite</span> <span class='ocrx_word' id='word_1_65' title='bbox 261 818 320 887; x_wconf 89' lang='lat' dir='ltr'>ipse</span> <span class='ocrx_word' id='word_1_66' title='bbox 339 818 432 871; x_wconf 89' lang='lat' dir='ltr'>suain</span> <span class='ocrx_word' id='word_1_67' title='bbox 450 818 550 872; x_wconf 76' lang='lat' dir='ltr'>statuit</span> <span class='ocrx_word' id='word_1_68' title='bbox 568 817 684 885; x_wconf 83' lang='lat' dir='ltr'>vestigia</span> <span class='ocrx_word' id='word_1_69' title='bbox 701 833 767 870; x_wconf 87' lang='lat' dir='ltr'>seso.</span> <span class='ocrx_word' id='word_1_70' title='bbox 801 862 804 867; x_wconf 25' lang='lat'><strong>⁴</strong></span> 
     </span>
     <span class='ocr_line' id='line_1_11' title="bbox 88 890 955 964; baseline -0.001 -16"><span class='ocrx_word' id='word_1_71' title='bbox 88 899 117 948; x_wconf 91' lang='lat' dir='ltr'>ct</span> <span class='ocrx_word' id='word_1_72' title='bbox 135 897 228 948; x_wconf 84' lang='lat' dir='ltr'>tamen</span> <span class='ocrx_word' id='word_1_73' title='bbox 246 892 297 948; x_wconf 82' lang='lat' dir='ltr'>hoc</span> <span class='ocrx_word' id='word_1_74' title='bbox 314 911 424 964; x_wconf 90' lang='lat' dir='ltr'>quoque</span> <span class='ocrx_word' id='word_1_75' title='bbox 441 895 482 947; x_wconf 89' lang='lat' dir='ltr'>uti</span> <span class='ocrx_word' id='word_1_76' title='bbox 501 894 649 949; x_wconf 79' lang='lat' dir='ltr'>concedam</span> <span class='ocrx_word' id='word_1_77' title='bbox 667 894 744 962; x_wconf 87' lang='lat' dir='ltr'>scire,</span> <span class='ocrx_word' id='word_1_78' title='bbox 761 897 791 947; x_wconf 86' lang='lat' dir='ltr'>at</span> <span class='ocrx_word' id='word_1_79' title='bbox 808 892 838 946; x_wconf 93' lang='lat' dir='ltr'>id</span> <span class='ocrx_word' id='word_1_80' title='bbox 859 890 955 962; x_wconf 86' lang='lat' dir='ltr'>ipsum¹</span> 
     </span>
     <span class='ocr_line' id='line_1_12' title="bbox 88 970 794 1040; baseline -0.001 -17"><span class='ocrx_word' id='word_1_81' title='bbox 88 970 225 1040; x_wconf 79' lang='lat' dir='ltr'>quaeram,</span> <span class='ocrx_word' id='word_1_82' title='bbox 243 987 303 1025; x_wconf 88' lang='lat' dir='ltr'>cum</span> <span class='ocrx_word' id='word_1_83' title='bbox 322 973 350 1024; x_wconf 90' lang='lat' dir='ltr'>in</span> <span class='ocrx_word' id='word_1_84' title='bbox 369 971 451 1024; x_wconf 86' lang='lat' dir='ltr'>rebus</span> <span class='ocrx_word' id='word_1_85' title='bbox 470 972 529 1024; x_wconf 84' lang='lat' dir='ltr'>rori</span> <span class='ocrx_word' id='word_1_86' title='bbox 546 971 585 1023; x_wconf 91' lang='lat' dir='ltr'>nil</span> <span class='ocrx_word' id='word_1_87' title='bbox 603 970 705 1024; x_wconf 88' lang='lat' dir='ltr'>viderit</span> <span class='ocrx_word' id='word_1_88' title='bbox 723 973 794 1036; x_wconf 86' lang='lat' dir='ltr'>ante,</span> 
     </span>
     <span class='ocr_line' id='line_1_13' title="bbox 88 1046 954 1116; baseline -0.002 -15"><span class='ocrx_word' id='word_1_89' title='bbox 88 1047 161 1101; x_wconf 88' lang='lat' dir='ltr'>unde</span> <span class='ocrx_word' id='word_1_90' title='bbox 179 1049 248 1102; x_wconf 84' lang='lat' dir='ltr'>sciat</span> <span class='ocrx_word' id='word_1_91' title='bbox 266 1048 333 1116; x_wconf 88' lang='lat' dir='ltr'>quid</span> <span class='ocrx_word' id='word_1_92' title='bbox 352 1049 388 1101; x_wconf 89' lang='lat' dir='ltr'>sit</span> <span class='ocrx_word' id='word_1_93' title='bbox 407 1048 475 1100; x_wconf 92' lang='lat' dir='ltr'>sciro</span> <span class='ocrx_word' id='word_1_94' title='bbox 494 1052 523 1102; x_wconf 87' lang='lat' dir='ltr'>et</span> <span class='ocrx_word' id='word_1_95' title='bbox 541 1047 647 1100; x_wconf 89' lang='lat' dir='ltr'>nescire</span> <span class='ocrx_word' id='word_1_96' title='bbox 665 1046 790 1112; x_wconf 81' lang='lat' dir='ltr'>vicissim,</span> <span class='ocrx_word' id='word_1_97' title='bbox 896 1060 954 1100; x_wconf 65' lang='lat' dir='ltr'>sss</span> 
     </span>
     <span class='ocr_line' id='line_1_14' title="bbox 89 1123 695 1192; baseline 0 -15"><span class='ocrx_word' id='word_1_98' title='bbox 89 1124 214 1179; x_wconf 86' lang='lat' dir='ltr'>notitiam</span> <span class='ocrx_word' id='word_1_99' title='bbox 233 1125 289 1177; x_wconf 86' lang='lat' dir='ltr'>reri</span> <span class='ocrx_word' id='word_1_100' title='bbox 309 1140 379 1192; x_wconf 82' lang='lat' dir='ltr'>quae</span> <span class='ocrx_word' id='word_1_101' title='bbox 398 1141 443 1177; x_wconf 89' lang='lat' dir='ltr'>ros</span> <span class='ocrx_word' id='word_1_102' title='bbox 460 1123 577 1191; x_wconf 87' lang='lat' dir='ltr'>falsique</span> <span class='ocrx_word' id='word_1_103' title='bbox 594 1124 695 1178; x_wconf 89' lang='lat' dir='ltr'>crearit</span> 
     </span>
     <span class='ocr_line' id='line_1_15' title="bbox 89 1199 776 1269; baseline -0.003 -15"><span class='ocrx_word' id='word_1_104' title='bbox 89 1205 118 1256; x_wconf 86' lang='lat' dir='ltr'>ct</span> <span class='ocrx_word' id='word_1_105' title='bbox 136 1201 250 1255; x_wconf 89' lang='lat' dir='ltr'>dubium</span> <span class='ocrx_word' id='word_1_106' title='bbox 268 1206 343 1255; x_wconf 86' lang='lat' dir='ltr'>certo</span> <span class='ocrx_word' id='word_1_107' title='bbox 362 1217 432 1269; x_wconf 86' lang='lat' dir='ltr'>quae</span> <span class='ocrx_word' id='word_1_108' title='bbox 450 1218 496 1254; x_wconf 89' lang='lat' dir='ltr'>res</span> <span class='ocrx_word' id='word_1_109' title='bbox 514 1200 626 1254; x_wconf 86' lang='lat' dir='ltr'>differre</span> <span class='ocrx_word' id='word_1_110' title='bbox 643 1199 776 1269; x_wconf 82' lang='lat' dir='ltr'>probarit</span> 
     </span>
     <span class='ocr_line' id='line_1_16' title="bbox 88 1276 734 1347; baseline 0 -17"><span class='ocrx_word' id='word_1_111' title='bbox 88 1278 209 1332; x_wconf 88' lang='lat' dir='ltr'>iuvenies</span> <span class='ocrx_word' id='word_1_112' title='bbox 227 1278 321 1347; x_wconf 88' lang='lat' dir='ltr'>primis</span> <span class='ocrx_word' id='word_1_113' title='bbox 339 1277 374 1331; x_wconf 88' lang='lat' dir='ltr'>ab</span> <span class='ocrx_word' id='word_1_114' title='bbox 393 1276 518 1330; x_wconf 87' lang='lat' dir='ltr'>sensibus</span> <span class='ocrx_word' id='word_1_115' title='bbox 537 1292 597 1330; x_wconf 91' lang='lat' dir='ltr'>esso</span> <span class='ocrx_word' id='word_1_116' title='bbox 614 1279 734 1331; x_wconf 82' lang='lat' dir='ltr'>croatam</span> 
     </span>
     <span class='ocr_line' id='line_1_17' title="bbox 89 1352 722 1423; baseline -0.003 -16"><span class='ocrx_word' id='word_1_117' title='bbox 89 1354 215 1409; x_wconf 88' lang='lat' dir='ltr'>notitiem</span> <span class='ocrx_word' id='word_1_118' title='bbox 234 1354 290 1408; x_wconf 89' lang='lat' dir='ltr'>veri</span> <span class='ocrx_word' id='word_1_119' title='bbox 309 1371 398 1423; x_wconf 85' lang='lat' dir='ltr'>noque</span> <span class='ocrx_word' id='word_1_120' title='bbox 416 1370 511 1407; x_wconf 89' lang='lat' dir='ltr'>sensus</span> <span class='ocrx_word' id='word_1_121' title='bbox 529 1368 610 1422; x_wconf 90' lang='lat' dir='ltr'>posse</span> <span class='ocrx_word' id='word_1_122' title='bbox 628 1352 722 1406; x_wconf 81' lang='lat' dir='ltr'>refelli.</span> 
     </span>
     <span class='ocr_line' id='line_1_18' title="bbox 88 1428 955 1498; baseline 0.001 -16"><span class='ocrx_word' id='word_1_123' title='bbox 88 1437 152 1484; x_wconf 86' lang='lat' dir='ltr'>na&#39;m</span> <span class='ocrx_word' id='word_1_124' title='bbox 169 1431 272 1484; x_wconf 88' lang='lat' dir='ltr'>maiore</span> <span class='ocrx_word' id='word_1_125' title='bbox 290 1430 345 1483; x_wconf 88' lang='lat' dir='ltr'>fide</span> <span class='ocrx_word' id='word_1_126' title='bbox 364 1430 448 1484; x_wconf 90' lang='lat' dir='ltr'>debet</span> <span class='ocrx_word' id='word_1_127' title='bbox 466 1429 612 1498; x_wconf 85' lang='lat' dir='ltr'>reperirier</span> <span class='ocrx_word' id='word_1_128' title='bbox 629 1428 704 1495; x_wconf 88' lang='lat' dir='ltr'>illud,</span> <span class='ocrx_word' id='word_1_129' title='bbox 762 1458 765 1463; x_wconf 87' lang='lat'><strong>·</strong></span> <span class='ocrx_word' id='word_1_130' title='bbox 914 1443 955 1483; x_wconf 80' lang='lat' dir='ltr'>rso</span> 
     </span>
     <span class='ocr_line' id='line_1_19' title="bbox 88 1504 758 1575; baseline -0.001 -16"><span class='ocrx_word' id='word_1_131' title='bbox 88 1510 186 1575; x_wconf 87' lang='lat' dir='ltr'>sponte</span> <span class='ocrx_word' id='word_1_132' title='bbox 204 1524 253 1561; x_wconf 90' lang='lat' dir='ltr'>sua</span> <span class='ocrx_word' id='word_1_133' title='bbox 270 1507 342 1560; x_wconf 89' lang='lat' dir='ltr'>veris</span> <span class='ocrx_word' id='word_1_134' title='bbox 361 1506 435 1573; x_wconf 88' lang='lat' dir='ltr'>quod</span> <span class='ocrx_word' id='word_1_135' title='bbox 452 1505 539 1574; x_wconf 80' lang='lat' dir='ltr'>possit</span> <span class='ocrx_word' id='word_1_136' title='bbox 557 1504 665 1559; x_wconf 89' lang='lat' dir='ltr'>vincere</span> <span class='ocrx_word' id='word_1_137' title='bbox 683 1505 758 1558; x_wconf 83' lang='lat' dir='ltr'>falso.</span> 
     </span>
     <span class='ocr_line' id='line_1_20' title="bbox 89 1580 776 1651; baseline -0.003 -15"><span class='ocrx_word' id='word_1_138' title='bbox 89 1583 157 1651; x_wconf 90' lang='lat' dir='ltr'>quid</span> <span class='ocrx_word' id='word_1_139' title='bbox 174 1584 276 1637; x_wconf 85' lang='lat' dir='ltr'>maiore</span> <span class='ocrx_word' id='word_1_140' title='bbox 294 1582 350 1636; x_wconf 88' lang='lat' dir='ltr'>fide</span> <span class='ocrx_word' id='word_1_141' title='bbox 367 1599 448 1651; x_wconf 89' lang='lat' dir='ltr'>porro</span> <span class='ocrx_word' id='word_1_142' title='bbox 467 1597 549 1650; x_wconf 84' lang='lat' dir='ltr'>quam</span> <span class='ocrx_word' id='word_1_143' title='bbox 568 1597 663 1634; x_wconf 89' lang='lat' dir='ltr'>sensus</span> <span class='ocrx_word' id='word_1_144' title='bbox 680 1580 776 1634; x_wconf 85' lang='lat' dir='ltr'>haberi</span> 
     </span>
     <span class='ocr_line' id='line_1_21' title="bbox 89 1656 769 1713; baseline -0.001 -2"><span class='ocrx_word' id='word_1_145' title='bbox 89 1658 189 1713; x_wconf 78' lang='lat' dir='ltr'>debott</span> <span class='ocrx_word' id='word_1_146' title='bbox 207 1675 242 1712; x_wconf 86' lang='lat' dir='ltr'>au</span> <span class='ocrx_word' id='word_1_147' title='bbox 261 1659 296 1712; x_wconf 84' lang='lat' dir='ltr'>ab</span> <span class='ocrx_word' id='word_1_148' title='bbox 314 1674 396 1712; x_wconf 83' lang='lat' dir='ltr'>seusu</span> <span class='ocrx_word' id='word_1_149' title='bbox 413 1658 482 1712; x_wconf 84' lang='lat' dir='ltr'>falso</span> <span class='ocrx_word' id='word_1_150' title='bbox 499 1658 569 1712; x_wconf 92' lang='lat' dir='ltr'>ratio</span> <span class='ocrx_word' id='word_1_151' title='bbox 588 1660 649 1711; x_wconf 86' lang='lat' dir='ltr'>orta</span> <span class='ocrx_word' id='word_1_152' title='bbox 666 1656 769 1711; x_wconf 82' lang='lat' dir='ltr'>valebit</span> 
     </span>
     <span class='ocr_line' id='line_1_22' title="bbox 89 1732 882 1802; baseline -0.001 -15"><span class='ocrx_word' id='word_1_153' title='bbox 89 1734 179 1789; x_wconf 88' lang='lat' dir='ltr'>dicere</span> <span class='ocrx_word' id='word_1_154' title='bbox 197 1751 243 1788; x_wconf 90' lang='lat' dir='ltr'>eos</span> <span class='ocrx_word' id='word_1_155' title='bbox 261 1738 363 1801; x_wconf 86' lang='lat' dir='ltr'>contra,</span> <span class='ocrx_word' id='word_1_156' title='bbox 382 1750 452 1802; x_wconf 88' lang='lat' dir='ltr'>quae</span> <span class='ocrx_word' id='word_1_157' title='bbox 470 1736 531 1787; x_wconf 83' lang='lat' dir='ltr'>tota</span> <span class='ocrx_word' id='word_1_158' title='bbox 547 1732 582 1786; x_wconf 87' lang='lat' dir='ltr'>ab</span> <span class='ocrx_word' id='word_1_159' title='bbox 602 1733 726 1787; x_wconf 88' lang='lat' dir='ltr'>sensibus</span> <span class='ocrx_word' id='word_1_160' title='bbox 744 1736 805 1787; x_wconf 88' lang='lat' dir='ltr'>orta</span> <span class='ocrx_word' id='word_1_161' title='bbox 822 1734 882 1787; x_wconf 79' lang='lat' dir='ltr'>esti</span> 
     </span>
     <span class='ocr_line' id='line_1_23' title="bbox 89 1808 996 1880; baseline -0.006 -18"><span class='ocrx_word' id='word_1_162' title='bbox 89 1810 136 1878; x_wconf 90' lang='lat' dir='ltr'>qui</span> <span class='ocrx_word' id='word_1_163' title='bbox 155 1811 207 1863; x_wconf 89' lang='lat' dir='ltr'>nisi</span> <span class='ocrx_word' id='word_1_164' title='bbox 225 1814 289 1865; x_wconf 89' lang='lat' dir='ltr'>sunt</span> <span class='ocrx_word' id='word_1_165' title='bbox 307 1811 371 1876; x_wconf 92' lang='lat' dir='ltr'>vcri,</span> <span class='ocrx_word' id='word_1_166' title='bbox 390 1811 461 1864; x_wconf 85' lang='lat' dir='ltr'>ratio</span> <span class='ocrx_word' id='word_1_167' title='bbox 481 1827 590 1880; x_wconf 90' lang='lat' dir='ltr'>quoque</span> <span class='ocrx_word' id='word_1_168' title='bbox 607 1810 676 1863; x_wconf 84' lang='lat' dir='ltr'>falsa</span> <span class='ocrx_word' id='word_1_169' title='bbox 693 1810 726 1864; x_wconf 90' lang='lat' dir='ltr'>fit</span> <span class='ocrx_word' id='word_1_170' title='bbox 743 1808 838 1862; x_wconf 86' lang='lat' dir='ltr'>omnis.</span> <span class='ocrx_word' id='word_1_171' title='bbox 913 1825 961 1869; x_wconf 12' lang='lat'>4857</span> <span class='ocrx_word' id='word_1_172' title='bbox 986 1844 996 1857; x_wconf 89' lang='lat'><strong>.</strong></span> 
     </span>
     <span class='ocr_line' id='line_1_24' title="bbox 88 1885 1063 1955; baseline -0.001 -15"><span class='ocrx_word' id='word_1_173' title='bbox 88 1903 124 1940; x_wconf 92' lang='lat' dir='ltr'>an</span> <span class='ocrx_word' id='word_1_174' title='bbox 141 1888 273 1955; x_wconf 90' lang='lat' dir='ltr'>poterunt</span> <span class='ocrx_word' id='word_1_175' title='bbox 291 1885 382 1939; x_wconf 86' lang='lat' dir='ltr'>oculos</span> <span class='ocrx_word' id='word_1_176' title='bbox 400 1903 480 1940; x_wconf 86' lang='lat' dir='ltr'>aures</span> <span class='ocrx_word' id='word_1_177' title='bbox 497 1885 708 1954; x_wconf 89' lang='lat' dir='ltr'>reprehendero,</span> <span class='ocrx_word' id='word_1_178' title='bbox 727 1902 762 1939; x_wconf 85' lang='lat' dir='ltr'>an</span> <span class='ocrx_word' id='word_1_179' title='bbox 779 1902 860 1940; x_wconf 87' lang='lat' dir='ltr'>aures</span> <span class='ocrx_word' id='word_1_180' title='bbox 988 1888 995 1899; x_wconf 95' lang='lat'>&#39;</span> <span class='ocrx_word' id='word_1_181' title='bbox 1058 1922 1063 1933; x_wconf 86' lang='lat'>·</span> 
     </span>
     <span class='ocr_line' id='line_1_25' title="bbox 89 1942 1081 2031; baseline 0.003 -15"><span class='ocrx_word' id='word_1_182' title='bbox 89 1964 196 2016; x_wconf 78' lang='lat' dir='ltr'>tactust</span> <span class='ocrx_word' id='word_1_183' title='bbox 215 1978 250 2015; x_wconf 85' lang='lat' dir='ltr'>an</span> <span class='ocrx_word' id='word_1_184' title='bbox 267 1961 340 2016; x_wconf 93' lang='lat' dir='ltr'>huno</span> <span class='ocrx_word' id='word_1_185' title='bbox 357 1978 438 2031; x_wconf 89' lang='lat' dir='ltr'>porro</span> <span class='ocrx_word' id='word_1_186' title='bbox 456 1966 561 2016; x_wconf 85' lang='lat' dir='ltr'>tactum</span> <span class='ocrx_word' id='word_1_187' title='bbox 580 1980 661 2031; x_wconf 87' lang='lat' dir='ltr'>sapor</span> <span class='ocrx_word' id='word_1_188' title='bbox 678 1965 776 2030; x_wconf 86' lang='lat' dir='ltr'>arguet</span> <span class='ocrx_word' id='word_1_189' title='bbox 793 1962 856 2028; x_wconf 89' lang='lat' dir='ltr'>oris,</span> <span class='ocrx_word' id='word_1_190' title='bbox 984 1942 1081 2019; x_wconf 52' lang='lat' dir='ltr'>bd</span> 
     </span>
     <span class='ocr_line' id='line_1_26' title="bbox 89 2037 715 2093; baseline 0.002 -1"><span class='ocrx_word' id='word_1_191' title='bbox 89 2055 124 2092; x_wconf 89' lang='lat' dir='ltr'>an</span> <span class='ocrx_word' id='word_1_192' title='bbox 141 2037 321 2093; x_wconf 81' lang='lat' dir='ltr'>confutabunt</span> <span class='ocrx_word' id='word_1_193' title='bbox 340 2055 420 2093; x_wconf 87' lang='lat' dir='ltr'>nares</span> <span class='ocrx_word' id='word_1_194' title='bbox 438 2039 542 2093; x_wconf 76' lang='lat' dir='ltr'>oculive</span> <span class='ocrx_word' id='word_1_195' title='bbox 560 2040 715 2093; x_wconf 71' lang='lat' dir='ltr'>revincent?</span> 
     </span>
     <span class='ocr_line' id='line_1_27' title="bbox 90 2114 934 2184; baseline 0 -15"><span class='ocrx_word' id='word_1_196' title='bbox 90 2132 153 2182; x_wconf 85' lang='lat' dir='ltr'>non,</span> <span class='ocrx_word' id='word_1_197' title='bbox 171 2118 204 2168; x_wconf 89' lang='lat' dir='ltr'>ut</span> <span class='ocrx_word' id='word_1_198' title='bbox 221 2114 324 2184; x_wconf 86' lang='lat' dir='ltr'>opinor,</span> <span class='ocrx_word' id='word_1_199' title='bbox 343 2115 385 2170; x_wconf 88' lang='lat' dir='ltr'>ita</span> <span class='ocrx_word' id='word_1_200' title='bbox 401 2119 452 2169; x_wconf 88' lang='lat' dir='ltr'>est.</span> <span class='ocrx_word' id='word_1_201' title='bbox 470 2132 534 2168; x_wconf 89' lang='lat' dir='ltr'>nam</span> <span class='ocrx_word' id='word_1_202' title='bbox 552 2132 675 2169; x_wconf 88' lang='lat' dir='ltr'>seorsum</span> <span class='ocrx_word' id='word_1_203' title='bbox 693 2116 791 2184; x_wconf 86' lang='lat' dir='ltr'>cuique</span> <span class='ocrx_word' id='word_1_204' title='bbox 808 2118 934 2184; x_wconf 75' lang='lat' dir='ltr'>potestas</span> 
     </span>
     <span class='ocr_line' id='line_1_28' title="bbox 90 2191 952 2261; baseline 0.001 -16"><span class='ocrx_word' id='word_1_205' title='bbox 90 2192 212 2259; x_wconf 81' lang='lat' dir='ltr'>divisast,</span> <span class='ocrx_word' id='word_1_206' title='bbox 230 2208 279 2245; x_wconf 84' lang='lat' dir='ltr'>sua</span> <span class='ocrx_word' id='word_1_207' title='bbox 296 2192 337 2246; x_wconf 92' lang='lat' dir='ltr'>vis</span> <span class='ocrx_word' id='word_1_208' title='bbox 355 2191 487 2260; x_wconf 88' lang='lat' dir='ltr'>cuiquest,</span> <span class='ocrx_word' id='word_1_209' title='bbox 506 2191 625 2261; x_wconf 87' lang='lat' dir='ltr'>ideoque</span> <span class='ocrx_word' id='word_1_210' title='bbox 642 2208 753 2247; x_wconf 90' lang='lat' dir='ltr'>necesse</span> <span class='ocrx_word' id='word_1_211' title='bbox 771 2199 814 2244; x_wconf 86' lang='lat' dir='ltr'>ost</span> <span class='ocrx_word' id='word_1_212' title='bbox 914 2207 952 2246; x_wconf 74' lang='lat' dir='ltr'>roo</span> 
     </span>
     <span class='ocr_line' id='line_1_29' title="bbox 90 2268 855 2339; baseline -0.001 -16"><span class='ocrx_word' id='word_1_213' title='bbox 90 2273 119 2324; x_wconf 88' lang='lat' dir='ltr'>ct</span> <span class='ocrx_word' id='word_1_214' title='bbox 136 2269 212 2339; x_wconf 90' lang='lat' dir='ltr'>quod</span> <span class='ocrx_word' id='word_1_215' title='bbox 230 2269 311 2322; x_wconf 86' lang='lat' dir='ltr'>molle</span> <span class='ocrx_word' id='word_1_216' title='bbox 330 2268 367 2322; x_wconf 90' lang='lat' dir='ltr'>sit</span> <span class='ocrx_word' id='word_1_217' title='bbox 384 2271 414 2321; x_wconf 91' lang='lat' dir='ltr'>et</span> <span class='ocrx_word' id='word_1_218' title='bbox 431 2268 552 2335; x_wconf 86' lang='lat' dir='ltr'>gelidum</span> <span class='ocrx_word' id='word_1_219' title='bbox 570 2269 712 2323; x_wconf 77' lang='lat' dir='ltr'>fervensve</span> <span class='ocrx_word' id='word_1_220' title='bbox 729 2284 855 2322; x_wconf 78' lang='lat' dir='ltr'>seorsum</span> 
     </span>
     <span class='ocr_line' id='line_1_30' title="bbox 90 2344 958 2400; baseline -0.001 0"><span class='ocrx_word' id='word_1_221' title='bbox 90 2349 120 2400; x_wconf 86' lang='lat' dir='ltr'>et</span> <span class='ocrx_word' id='word_1_222' title='bbox 137 2362 258 2400; x_wconf 84' lang='lat' dir='ltr'>scorsum</span> <span class='ocrx_word' id='word_1_223' title='bbox 277 2344 366 2398; x_wconf 90' lang='lat' dir='ltr'>varios</span> <span class='ocrx_word' id='word_1_224' title='bbox 383 2361 476 2397; x_wconf 89' lang='lat' dir='ltr'>rerum</span> <span class='ocrx_word' id='word_1_225' title='bbox 495 2346 598 2399; x_wconf 87' lang='lat' dir='ltr'>sentire</span> <span class='ocrx_word' id='word_1_226' title='bbox 616 2346 719 2400; x_wconf 88' lang='lat' dir='ltr'>colores</span> <span class='ocrx_word' id='word_1_227' title='bbox 955 2346 958 2351; x_wconf 83' lang='lat'>&#39;</span> 
     </span>
     <span class='ocr_line' id='line_1_31' title="bbox 90 2420 826 2492; baseline -0.001 -16"><span class='ocrx_word' id='word_1_228' title='bbox 90 2425 120 2476; x_wconf 94' lang='lat' dir='ltr'>ot</span> <span class='ocrx_word' id='word_1_229' title='bbox 138 2437 325 2492; x_wconf 89' lang='lat' dir='ltr'>quaecumque</span> <span class='ocrx_word' id='word_1_230' title='bbox 343 2420 472 2475; x_wconf 88' lang='lat' dir='ltr'>coloribu&#39;</span> <span class='ocrx_word' id='word_1_231' title='bbox 490 2422 546 2476; x_wconf 89' lang='lat' dir='ltr'>siut</span> <span class='ocrx_word' id='word_1_232' title='bbox 563 2422 706 2477; x_wconf 85' lang='lat' dir='ltr'>coniuncta</span> <span class='ocrx_word' id='word_1_233' title='bbox 724 2422 826 2476; x_wconf 80' lang='lat' dir='ltr'>cidere.</span> 
     </span>
     <span class='ocr_line' id='line_1_32' title="bbox 91 2496 880 2567; baseline -0.003 -14"><span class='ocrx_word' id='word_1_234' title='bbox 91 2514 199 2553; x_wconf 76' lang='lat' dir='ltr'>seorsus</span> <span class='ocrx_word' id='word_1_235' title='bbox 216 2498 285 2553; x_wconf 87' lang='lat' dir='ltr'>item</span> <span class='ocrx_word' id='word_1_236' title='bbox 303 2514 383 2567; x_wconf 85' lang='lat' dir='ltr'>sapor</span> <span class='ocrx_word' id='word_1_237' title='bbox 401 2496 455 2549; x_wconf 91' lang='lat' dir='ltr'>oris</span> <span class='ocrx_word' id='word_1_238' title='bbox 474 2497 559 2553; x_wconf 88' lang='lat' dir='ltr'>habet</span> <span class='ocrx_word' id='word_1_239' title='bbox 576 2499 638 2566; x_wconf 91' lang='lat' dir='ltr'>vim,</span> <span class='ocrx_word' id='word_1_240' title='bbox 657 2515 764 2553; x_wconf 86' lang='lat' dir='ltr'>seorsus</span> <span class='ocrx_word' id='word_1_241' title='bbox 782 2497 880 2552; x_wconf 89' lang='lat' dir='ltr'>odores</span> 
     </span>
     <span class='ocr_line' id='line_1_33' title="bbox 91 2573 951 2647; baseline 0.001 -18"><span class='ocrx_word' id='word_1_242' title='bbox 91 2579 245 2644; x_wconf 84' lang='lat' dir='ltr'>nascuntur,</span> <span class='ocrx_word' id='word_1_243' title='bbox 263 2592 369 2630; x_wconf 91' lang='lat' dir='ltr'>sorsum</span> <span class='ocrx_word' id='word_1_244' title='bbox 388 2573 500 2628; x_wconf 86' lang='lat' dir='ltr'>sonitus.</span> <span class='ocrx_word' id='word_1_245' title='bbox 518 2575 636 2647; x_wconf 85' lang='lat' dir='ltr'>ideoque</span> <span class='ocrx_word' id='word_1_246' title='bbox 652 2592 763 2630; x_wconf 89' lang='lat' dir='ltr'>neccsse</span> <span class='ocrx_word' id='word_1_247' title='bbox 781 2580 824 2630; x_wconf 88' lang='lat' dir='ltr'>cst</span> <span class='ocrx_word' id='word_1_248' title='bbox 913 2589 951 2629; x_wconf 78' lang='lat' dir='ltr'>tos</span> 
     </span>
     <span class='ocr_line' id='line_1_34' title="bbox 90 2651 712 2721; baseline 0.003 -16"><span class='ocrx_word' id='word_1_249' title='bbox 90 2669 144 2705; x_wconf 92' lang='lat' dir='ltr'>non</span> <span class='ocrx_word' id='word_1_250' title='bbox 162 2653 268 2721; x_wconf 86' lang='lat' dir='ltr'>possint</span> <span class='ocrx_word' id='word_1_251' title='bbox 285 2652 351 2706; x_wconf 88' lang='lat' dir='ltr'>alios</span> <span class='ocrx_word' id='word_1_252' title='bbox 369 2651 414 2704; x_wconf 84' lang='lat' dir='ltr'>alii</span> <span class='ocrx_word' id='word_1_253' title='bbox 432 2652 591 2706; x_wconf 87' lang='lat' dir='ltr'>convincere</span> <span class='ocrx_word' id='word_1_254' title='bbox 609 2669 712 2707; x_wconf 87' lang='lat' dir='ltr'>sensus.</span> 
     </span>
     <span class='ocr_line' id='line_1_35' title="bbox 91 2727 764 2799; baseline 0.003 -17"><span class='ocrx_word' id='word_1_255' title='bbox 91 2745 142 2782; x_wconf 91' lang='lat' dir='ltr'>nec</span> <span class='ocrx_word' id='word_1_256' title='bbox 158 2745 240 2797; x_wconf 89' lang='lat' dir='ltr'>porro</span> <span class='ocrx_word' id='word_1_257' title='bbox 257 2732 388 2799; x_wconf 89' lang='lat' dir='ltr'>poterunt</span> <span class='ocrx_word' id='word_1_258' title='bbox 405 2727 457 2796; x_wconf 91' lang='lat' dir='ltr'>ipsi</span> <span class='ocrx_word' id='word_1_259' title='bbox 476 2729 678 2797; x_wconf 88' lang='lat' dir='ltr'>reprehendere</span> <span class='ocrx_word' id='word_1_260' title='bbox 696 2746 764 2796; x_wconf 86' lang='lat' dir='ltr'>sese,</span> 
     </span>
     <span class='ocr_line' id='line_1_36' title="bbox 92 2801 957 2874; baseline 0.005 -18"><span class='ocrx_word' id='word_1_261' title='bbox 92 2819 179 2868; x_wconf 85' lang='lat' dir='ltr'>aequa</span> <span class='ocrx_word' id='word_1_262' title='bbox 196 2801 266 2857; x_wconf 86' lang='lat' dir='ltr'>fides</span> <span class='ocrx_word' id='word_1_263' title='bbox 284 2805 413 2871; x_wconf 86' lang='lat' dir='ltr'>quoniam</span> <span class='ocrx_word' id='word_1_264' title='bbox 431 2803 544 2858; x_wconf 86' lang='lat' dir='ltr'>debebit</span> <span class='ocrx_word' id='word_1_265' title='bbox 563 2822 671 2874; x_wconf 84' lang='lat' dir='ltr'>semper</span> <span class='ocrx_word' id='word_1_266' title='bbox 688 2806 791 2859; x_wconf 87' lang='lat' dir='ltr'>haberi.</span> <span class='ocrx_word' id='word_1_267' title='bbox 954 2869 957 2874; x_wconf 39' lang='grc'>,</span> 
     </span>
     <span class='ocr_line' id='line_1_37' title="bbox 89 2875 948 2949; baseline 0.015 -27"><span class='ocrx_word' id='word_1_268' title='bbox 89 2875 207 2940; x_wconf 86' lang='lat' dir='ltr'>proinde</span> <span class='ocrx_word' id='word_1_269' title='bbox 224 2879 299 2943; x_wconf 92' lang='lat' dir='ltr'>quod</span> <span class='ocrx_word' id='word_1_270' title='bbox 314 2878 342 2930; x_wconf 92' lang='lat' dir='ltr'>in</span> <span class='ocrx_word' id='word_1_271' title='bbox 359 2883 495 2948; x_wconf 88' lang='lat' dir='ltr'>quoquest</span> <span class='ocrx_word' id='word_1_272' title='bbox 508 2879 551 2933; x_wconf 86' lang='lat' dir='ltr'>his</span> <span class='ocrx_word' id='word_1_273' title='bbox 566 2881 653 2933; x_wconf 86' lang='lat' dir='ltr'>visum</span> <span class='ocrx_word' id='word_1_274' title='bbox 670 2884 802 2949; x_wconf 88' lang='lat' dir='ltr'>tempore,</span> <span class='ocrx_word' id='word_1_275' title='bbox 819 2883 948 2936; x_wconf 73' lang='lat' dir='ltr'>serumst</span> 
     </span>
     <span class='ocr_line' id='line_1_38' title="bbox 93 2946 957 3023; baseline 0.016 -27"><span class='ocrx_word' id='word_1_276' title='bbox 93 2950 122 2996; x_wconf 90' lang='lat' dir='ltr'>et</span> <span class='ocrx_word' id='word_1_277' title='bbox 141 2946 163 2995; x_wconf 91' lang='lat' dir='ltr'>si</span> <span class='ocrx_word' id='word_1_278' title='bbox 180 2962 234 2998; x_wconf 90' lang='lat' dir='ltr'>non</span> <span class='ocrx_word' id='word_1_279' title='bbox 251 2954 354 3015; x_wconf 91' lang='lat' dir='ltr'>poterit</span> <span class='ocrx_word' id='word_1_280' title='bbox 371 2955 443 3006; x_wconf 81' lang='lat' dir='ltr'>ratio</span> <span class='ocrx_word' id='word_1_281' title='bbox 461 2955 609 3009; x_wconf 85' lang='lat' dir='ltr'>dissolvero</span> <span class='ocrx_word' id='word_1_282' title='bbox 627 2973 743 3023; x_wconf 77' lang='lat' dir='ltr'>oausam,</span> <span class='ocrx_word' id='word_1_283' title='bbox 913 2954 957 3010; x_wconf 75' lang='lat' dir='ltr'>ooo¹</span> 
     </span>
     <span class='ocr_line' id='line_1_39' title="bbox 93 3024 863 3099; baseline 0.023 -33"><span class='ocrx_word' id='word_1_284' title='bbox 93 3031 142 3098; x_wconf 82' lang='lat' dir='ltr'>cur</span> <span class='ocrx_word' id='word_1_285' title='bbox 159 3032 192 3067; x_wconf 87' lang='lat' dir='ltr'>ca</span> <span class='ocrx_word' id='word_1_286' title='bbox 208 3035 278 3084; x_wconf 86' lang='lat' dir='ltr'>quae</span> <span class='ocrx_word' id='word_1_287' title='bbox 294 3024 396 3079; x_wconf 84' lang='lat' dir='ltr'>fuerint</span> <span class='ocrx_word' id='word_1_288' title='bbox 413 3028 513 3082; x_wconf 83' lang='lat' dir='ltr'>iuxtim</span> <span class='ocrx_word' id='word_1_289' title='bbox 531 3031 674 3098; x_wconf 83' lang='lat' dir='ltr'>quadrata,</span> <span class='ocrx_word' id='word_1_290' title='bbox 686 3030 787 3099; x_wconf 81' lang='lat' dir='ltr'>,procul</span> <span class='ocrx_word' id='word_1_291' title='bbox 805 3031 863 3084; x_wconf 86' lang='lat' dir='ltr'>sint</span> 
     </span>
     <span class='ocr_line' id='line_1_40' title="bbox 93 3092 896 3172; baseline 0.031 -35"><span class='ocrx_word' id='word_1_292' title='bbox 93 3101 152 3137; x_wconf 79' lang='lat' dir='ltr'>risa</span> <span class='ocrx_word' id='word_1_293' title='bbox 168 3092 293 3158; x_wconf 74' lang='lat' dir='ltr'>rutunda,</span> <span class='ocrx_word' id='word_1_294' title='bbox 310 3100 403 3151; x_wconf 86' lang='lat' dir='ltr'>tamen</span> <span class='ocrx_word' id='word_1_295' title='bbox 420 3108 544 3167; x_wconf 86' lang='lat' dir='ltr'>praestat</span> <span class='ocrx_word' id='word_1_296' title='bbox 561 3105 676 3158; x_wconf 85' lang='lat' dir='ltr'>rationis</span> <span class='ocrx_word' id='word_1_297' title='bbox 693 3108 821 3172; x_wconf 81' lang='lat' dir='ltr'>egentem</span> <span class='ocrx_word' id='word_1_298' title='bbox 890 3122 896 3148; x_wconf 77' lang='lat'><strong><em>¹</em></strong></span> 
     </span>
    </p>
   </div>
   <div class='ocr_carea' id='block_1_3' title="bbox 95 3156 862 3251">
    <p class='ocr_par' dir='ltr' id='par_1_3' title="bbox 95 3156 862 3251">
     <span class='ocr_line' id='line_1_41' title="bbox 95 3156 862 3251; baseline 0.051 -44"><span class='ocrx_word' id='word_1_299' title='bbox 95 3156 212 3213; x_wconf 86' lang='lat' dir='ltr'>reddere</span> <span class='ocrx_word' id='word_1_300' title='bbox 230 3166 359 3222; x_wconf 83' lang='lat' dir='ltr'>mendoso</span> <span class='ocrx_word' id='word_1_301' title='bbox 376 3185 471 3227; x_wconf 77' lang='lat' dir='ltr'>carmus</span> <span class='ocrx_word' id='word_1_302' title='bbox 488 3177 635 3249; x_wconf 77' lang='lat' dir='ltr'>utrimque</span> <span class='ocrx_word' id='word_1_303' title='bbox 651 3179 764 3251; x_wconf 75' lang='lat' dir='ltr'>figurae,</span> <span class='ocrx_word' id='word_1_304' title='bbox 860 3196 862 3201; x_wconf 80' lang='grc'><strong>“</strong></span> 
     </span>
    </p>
   </div>
   <div class='ocr_carea' id='block_1_4' title="bbox 0 0 1104 3398">
    <p class='ocr_par' dir='ltr' id='par_1_4' title="bbox 0 0 1104 3398">
     <span class='ocr_line' id='line_1_42' title="bbox 0 0 1104 3398; baseline 0 0"><span class='ocrx_word' id='word_1_305' title='bbox 0 0 1104 3398; x_wconf 95' lang='lat' dir='ltr'> </span> 
     </span>
    </p>
   </div>
  </div>
 </body>
</html>
