2176 3404
104 91 161 151 172
511 86 560 144 VI
643 111 647 119 ¹

98 212 230 251 concussu
246 196 303 250 late
320 195 480 264 disserpunt
496 193 561 246 inde
579 196 722 247 tremores.

97 274 127 326 et
144 273 251 337 merito,
269 272 397 341 queniam
413 270 530 340 plaustri
548 285 679 323 concussa
696 271 868 324 tremescunt

98 351 173 403 tectu
190 350 262 403 viam
278 351 393 416 propter
409 363 463 399 nen
481 362 580 414 mamre
598 345 720 414 pondere
737 349 806 414 tota,
828 361 831 367 ·

97 440 148 478 uec
165 424 256 479 minus
274 423 406 488 exultant
424 418 539 490 scrupus
556 422 726 491 quicumque
743 422 796 476 visi
926 435 970 477 eto

96 501 216 555 ferratos
232 500 371 569 utrimque
388 503 513 554 rotarum
531 499 650 554 succutit
667 499 757 554 orbes.

98 576 131 630 lit
148 594 266 647 queque,
283 575 331 630 ubi
346 577 375 630 in
393 593 506 645 magnas
523 581 613 643 aquiae
631 580 777 645 vastasque
794 577 910 630 lucunas

97 653 179 721 globo
195 657 336 709 vetustate
353 670 369 708 e
386 656 463 708 terra
481 653 654 723 provolvitur
669 654 772 721 iugens

98 738 130 783 nt
147 730 265 784 iactetur
281 747 369 798 uqueo
386 730 472 784 fluctu
489 746 601 800 quoque
616 733 692 784 terra
709 730 855 796 vacillans3

98 811 132 860 nt
149 823 196 860 vus
213 807 358 861 interdum
375 823 429 860 non
446 807 507 875 quit
524 810 660 875 constare,
677 806 729 860 nisi
745 822 824 859 umor
925 820 968 859 ⁵5⁵
1048 844 1051 849 Δ

99 882 209 937 destitit
225 883 254 936 in
272 883 356 937 dubie
374 883 459 937 fluctu
476 883 605 937 iactarier
621 883 704 937 intus

138 959 284 1014 Praeterea
301 963 399 1013 uentus
417 975 479 1012 curu
496 976 547 1029 per
566 959 626 1014 loca
643 959 763 1013 subcava
780 962 873 1013 terrae

99 1036 229 1090 collectus
246 1038 327 1105 parte
345 1051 380 1089 ex
397 1052 452 1090 runa
469 1035 626 1104 procumbit
644 1039 675 1090 et
691 1038 774 1104 urget

99 1112 216 1166 obnixus
233 1112 339 1180 magnis
357 1112 501 1181 speluncas
518 1111 623 1166 viribus
641 1113 719 1179 altas,

101 1187 235 1242 incumbit
251 1188 333 1242 tellus
350 1204 405 1256 quo
422 1187 497 1241 venti
514 1203 601 1256 prona
617 1188 719 1257 premit
735 1187 784 1242 vis.
925 1201 966 1242 eoo

101 1270 160 1317 tuni
178 1281 280 1335 supera
296 1268 400 1319 terrum
417 1281 489 1333 quae
507 1268 573 1318 sunt
590 1268 717 1321 extmeta
735 1264 878 1318 domorum

100 1341 137 1393 ad
154 1342 313 1411 caelumque
330 1342 416 1409 magis
433 1344 537 1408 quanto
555 1344 620 1394 sunt
638 1341 716 1396 edita
733 1357 865 1410 quaeque,

100 1417 231 1471 inclinata
248 1418 388 1472 minantur
404 1418 432 1470 in
451 1417 567 1471 eandem
585 1417 696 1486 prodita
712 1420 820 1487 partem

101 1497 312 1563 protractaeque
327 1494 422 1549 trabes
438 1494 591 1563 inpendent
607 1493 649 1548 ire
666 1498 786 1562 paratae.

102 1578 132 1625 et
149 1574 276 1626 metuunt
293 1571 384 1639 magni
401 1573 529 1624 naturum
546 1570 661 1624 credere
678 1570 774 1623 mundi
925 1584 966 1624 ecc

102 1646 213 1702 exitiale
230 1646 342 1716 aliquod
359 1651 469 1716 tempus
486 1646 648 1715 clademque
664 1662 784 1713 manere,

102 1738 164 1776 cum
181 1722 293 1777 videant
309 1726 416 1778 tantum
433 1726 571 1777 terrarum
588 1722 748 1777 incumbere
765 1721 880 1775 molem!

102 1799 177 1868 quod
193 1799 246 1853 nisi
262 1799 400 1868 respirent
417 1799 501 1865 venti,
518 1799 559 1852 vis
575 1799 651 1853 nulla
667 1799 789 1853 refrenet

102 1892 147 1929 res
164 1891 253 1944 neque
270 1875 306 1928 ab
324 1876 408 1930 exitio
426 1877 513 1945 pessit
531 1874 734 1945 reprehendere
752 1873 849 1929 emitis

103 1969 174 2007 nunc
191 1952 255 2022 quia
271 1952 410 2020 respirant
427 1953 541 2007 alternis
558 1952 643 2021 inque
660 1955 827 2021 gnuvescunt
926 1966 965 2006 sto

103 2033 132 2084 et
150 2029 227 2099 quusi
245 2029 352 2084 collecti
370 2030 490 2084 redeunt
507 2029 666 2098 ceduntque
684 2028 797 2098 repulsi,

103 2107 211 2175 saepius
227 2105 298 2160 hanc
315 2106 351 2160 ob
368 2122 427 2160 rem
444 2106 587 2160 minitatur
603 2109 680 2159 terra
697 2105 790 2160 ruinas

103 2200 186 2252 quum
203 2182 284 2249 iaeit;
301 2182 447 2237 inclinatur
463 2182 536 2236 enim
553 2183 683 2249 retroque
699 2182 807 2236 recellit

104 2267 133 2313 ct
150 2259 248 2328 recipit
265 2259 395 2328 prolapsa
412 2274 475 2312 sues
492 2259 521 2311 in
538 2257 661 2324 pondera
679 2257 769 2312 sedes.

104 2337 154 2389 buc
172 2335 257 2403 igitur
274 2335 380 2389 ratione
397 2334 525 2388 rmillant
542 2333 633 2388 emnia
650 2336 733 2402 tecta,
924 2347 962 2389 ete

104 2429 210 2465 summu
226 2412 314 2479 magis
330 2411 437 2478 mediis,
454 2411 546 2464 media
562 2409 633 2477 imis,
650 2410 707 2463 ima
723 2409 868 2479 perhilum.

140 2489 190 2542 list
207 2487 275 2541 haec
291 2487 415 2541 eiusdem
433 2503 542 2555 quoque
558 2487 651 2554 magni
668 2502 750 2540 causa
766 2485 903 2553 tremoris,

105 2569 202 2619 ventus
218 2563 265 2617 ubi
283 2567 367 2633 etque
384 2563 491 2617 animae
509 2563 600 2617 subito
617 2564 658 2617 vis
675 2563 795 2617 maxime
811 2564 946 2632 quaedam

104 2644 152 2695 eut
170 2640 340 2695 extrinsecus
357 2643 407 2694 aut
422 2641 484 2708 ipsa
500 2640 601 2695 tellure
618 2642 712 2694 coorta

105 2721 133 2771 in
150 2718 209 2771 locu
227 2733 257 2771 se
273 2733 339 2770 cura
356 2716 441 2770 terrai
458 2717 574 2771 coniecit
591 2716 686 2784 ibique
922 2730 961 2771 eso

104 2793 246 2859 speluncas
263 2792 336 2844 inter
352 2807 466 2858 magnas
482 2792 577 2846 fremit
594 2796 660 2846 ante
676 2792 797 2846 tumultu

104 2863 329 2931 versabunduque
346 2869 482 2933 portatur,
500 2871 564 2935 pest
580 2868 665 2922 incita
681 2884 744 2921 cum
762 2868 803 2921 vis

105 2938 245 3001 exagitata
261 2938 333 2990 foras
350 2941 504 3007 erumpitur
521 2946 551 2995 et
568 2943 648 2996 simul
666 2936 750 2997 altini

105 3009 250 3061 diffindens
268 3014 372 3067 terram
389 3030 519 3082 magnum
537 3020 683 3073 concinnat
699 3020 758 3073 hiat
807 3061 813 3072 .

105 3079 134 3128 in
152 3080 229 3143 Syria
246 3082 347 3137 Sidone
364 3089 438 3153 qued
454 3092 554 3144 accidit
570 3097 601 3145 et
617 3094 670 3147 furit
688 3096 761 3163 Aegi
839 3134 843 3139 -
923 3112 959 3154 tet

105 3150 133 3199 in
153 3151 345 3222 Peloponneso,
362 3177 430 3225 quus
447 3165 538 3218 exitus
556 3167 600 3220 hie
618 3171 719 3223 animai
