2190 3398
37 98 40 105 ι
69 65 125 123 106
474 63 545 121 IIII

66 167 222 236 refrigescit
239 169 312 221 enim
329 167 484 223 cunctando
502 166 584 237 plaga
600 183 652 237 per
668 183 748 221 auras
793 185 798 194 ·

66 259 118 298 nee
136 243 224 298 calida
241 243 277 297 ad
295 260 405 298 sensum
423 245 574 299 decnmmt
591 245 687 297 mmtia
704 260 804 298 rernm.

66 324 162 375 emant
180 337 262 391 saepe
280 337 361 375 canes
378 320 471 390 itaque
489 324 519 374 et
536 320 652 388 vestigia
670 322 813 388 quaerunt.
893 334 930 375 ros
990 380 991 383 ,

101 397 173 468 [Nec
191 402 283 452 tamen
301 397 352 451 hoe
370 398 435 452 solis
452 399 480 452 in
498 397 628 451 odoribus
646 402 729 466 abque
746 414 877 467 saporum

65 473 95 528 iu
112 479 248 543 generest,
267 474 317 529 sed
334 475 403 528 item
421 474 526 545 specics
543 491 639 528 rerum
653 479 736 543 atquc
753 475 859 528 colores

67 567 121 604 non
138 550 179 605 ita
196 552 360 605 conveniunt
377 551 413 604 ad
432 567 527 605 sensus
545 550 670 605 omnibus
688 567 789 618 omnes,

67 632 100 680 ut
117 643 171 680 non
189 627 245 681 sint
262 627 323 680 aliis
340 628 476 695 quaedam
494 628 581 695 magis
598 628 672 681 aeria
688 627 755 681 visu.

68 703 234 772 quinetiam
252 703 360 770 gallum,
378 707 487 758 noctem
505 703 732 773 explaudentibus
749 703 800 756 alis
813 728 832 794 p
894 715 932 758 rm

69 795 195 832 auroram
213 779 286 833 clara
304 762 464 835 conedatum
483 796 670 848 nonenoeane,

68 871 158 908 noenu
176 860 281 923 queunt
298 855 387 909 rabidi
405 860 500 910 contra
518 860 644 910 constare
659 857 751 911 leones

68 931 149 999 inque
166 933 252 987 tueri:
269 932 310 986 ita
326 933 455 987 continuo
473 933 621 987 meminere
636 933 718 1002 fugai,

71 1007 197 1062 nimirum
214 1009 278 1077 quia
296 1012 359 1062 sunt
376 1009 510 1077 gallorum
527 1010 555 1062 in
573 1026 687 1079 corpore
704 1011 840 1080 quaedam

71 1085 181 1152 sentina,
199 1102 269 1153 quae
287 1103 349 1139 cum
367 1089 430 1139 srmt
448 1087 531 1140 oculis
549 1085 661 1140 inmissa
677 1087 793 1154 leonum,
893 1099 931 1141 ιιι

70 1161 188 1231 pupillas
204 1162 546 1231 interfodiuntacremque
564 1162 685 1217 dolorem

72 1238 213 1306 praebent,
231 1243 264 1293 ut
280 1242 417 1307 nequeant
435 1243 532 1294 eontra
549 1240 649 1294 durare
665 1240 786 1306 feroccs3

72 1331 134 1369 cum
152 1318 244 1369 tamen
261 1314 329 1369 haec
345 1319 452 1369 nostras
469 1316 541 1369 acies
557 1316 596 1369 nil
613 1317 724 1371 laedere
740 1316 854 1386 possint,

73 1395 121 1444 aut
138 1391 203 1462 quia
219 1409 273 1446 non
290 1396 438 1461 penetrant
455 1396 503 1447 aut
521 1392 596 1460 quod
613 1392 822 1462 penetrantibus
838 1391 894 1445 illis

74 1468 164 1521 exitus
183 1485 217 1522 ox
235 1469 320 1522 oculis
336 1468 407 1523 liber
424 1468 514 1535 datur,
533 1469 562 1521 in
578 1469 741 1523 reincrando
892 1483 930 1525 rat

75 1543 184 1619 laedere
201 1560 236 1597 ne
253 1545 360 1614 possint
377 1562 412 1598 cx
429 1544 486 1598 ulla
502 1545 605 1599 lumina
622 1545 720 1614 parta]

109 1620 189 1674 Nunc
201 1637 252 1689 age
264 1638 334 1689 quac
346 1625 473 1675 moveant
485 1623 604 1675 animum
616 1616 661 1675 res
672 1623 771 1691 accipe,
783 1626 813 1676 ct
824 1620 900 1675 unde
944 1642 946 1649 ·

73 1712 143 1763 quae
160 1698 273 1769 veniunt
290 1699 400 1753 veniant
416 1698 444 1750 in
462 1701 584 1751 mentem
601 1698 712 1767 percipe
729 1698 831 1768 paucis.

74 1773 206 1842 principio
224 1774 274 1827 hoo
292 1774 360 1841 dico,
377 1789 470 1827 rerum
487 1773 632 1827 simulacra
648 1775 740 1842 vagari

74 1850 158 1904 multa
175 1850 264 1904 modis
281 1850 375 1904 multis
391 1850 420 1903 in
437 1854 550 1904 cunctas
566 1850 687 1918 undique
705 1851 792 1920 partis
892 1863 930 1904 aas

75 1927 172 1994 tenvia,
191 1944 261 1996 quae
279 1927 357 1980 facile
375 1928 448 1982 inter
465 1943 495 1981 se
512 1925 660 1994 iunguntur
676 1927 704 1980 in
722 1927 803 1993 auris,

74 2003 152 2057 obvia
169 2020 231 2058 curn
249 2004 368 2071 veniunt,
385 2007 418 2056 ut
434 2020 533 2057 aranea
549 2000 712 2070 bratteaque
728 2003 795 2057 auri.

74 2081 175 2150 quippe
193 2081 294 2134 etenim
312 2080 398 2134 multo
415 2080 502 2147 magis
519 2078 587 2133 haec
605 2082 668 2133 sunt
685 2079 778 2133 tenvia
794 2082 876 2133 textu

75 2173 157 2225 quam
173 2172 243 2226 quae
261 2156 415 2226 percipiunt
434 2156 525 2210 oculos
543 2157 685 2223 risumque
701 2155 845 2223 lacessunt,

75 2233 194 2303 corporis
206 2232 273 2287 hacc
285 2233 412 2301 quoniam
423 2235 570 2302 penetrant
581 2249 632 2301 por
643 2248 706 2286 rara
717 2231 843 2300 cientque
892 2246 931 2288 aaa

76 2314 185 2363 tenvem
202 2310 285 2363 animi
301 2313 428 2362 naturam
444 2310 518 2362 intus
536 2325 699 2377 sensumque
715 2308 860 2362 lacessunt.

77 2386 228 2441 Centauros
245 2386 339 2455 itaque
357 2389 386 2439 et
406 2385 555 2453 Scyllarum
575 2385 700 2438 membra
717 2383 841 2437 ridemus

77 2463 281 2534 Cerbereasque
299 2480 396 2517 canum
410 2463 498 2516 iacies
517 2461 714 2529 simulacraque
732 2476 826 2513 eorum

75 2557 190 2608 quoram
206 2545 296 2595 morto
313 2539 389 2595 obita
407 2538 489 2592 tellus
508 2537 684 2607 amplectitur
702 2553 778 2601 ossa3

76 2634 156 2671 omne
173 2634 259 2686 genus
277 2617 404 2686 quoniam
423 2616 524 2685 passim
544 2613 686 2667 simulacra
703 2614 836 2678 feruntur,
890 2624 931 2665 aar»

77 2694 177 2760 partim
195 2698 293 2763 sponte
312 2709 361 2747 sua
379 2708 450 2762 quae
469 2693 539 2744 fiunt
557 2707 620 2743 acro
638 2691 666 2742 in
684 2691 752 2759 ipso,

77 2769 178 2834 partim
196 2785 265 2832 quae
283 2770 370 2830 variis
383 2768 418 2819 ab
436 2766 518 2820 rebus
537 2783 652 2834 cumque
670 2766 805 2820 recedunt

78 2842 108 2890 ct
125 2855 195 2903 quae
212 2842 333 2895 confiunt
352 2859 386 2894 ex
403 2841 500 2895 horum
518 2843 592 2895 facta
609 2841 711 2908 figuris.

78 2926 141 2959 nam
158 2916 233 2962 certo
250 2929 284 2964 ex
302 2915 363 2967 ιίιο
382 2915 512 2969 Centauri
529 2933 582 2969 non
601 2917 633 2969 fit
651 2917 748 2983 imago,

79 2980 154 3031 nulla
170 2980 222 3031 fuit
240 2986 367 3048 quoniam
385 2989 448 3041 talis
466 2995 565 3043 natura
583 2992 732 3045 animantia
892 3007 931 3048 aso

79 3067 174 3101 renum
190 3052 236 3134 ubi
255 3057 318 3119 equi
335 3063 420 3130 atque
436 3062 553 3116 bominis
571 3081 635 3117 casn
653 3069 779 3121 convenit
795 3068 893 3137 imago,
942 3106 947 3114 ·

79 3122 214 3173 haerescit
230 3123 307 3176 facilc
324 3134 469 3197 extemplo,
488 3138 562 3202 quad
580 3139 698 3192 diximus
717 3146 789 3207 anto,
