2190 3398
71 105 128 163 102
425 107 429 115 ‘
447 100 522 157 IIII

21 225 55 258 55
66 224 117 262 nec
134 206 215 260 simili
232 208 381 275 penetrant
399 203 473 258 auris
490 204 642 273 primordia
653 206 749 274 forma,

67 300 129 338 cum
147 282 215 337 tuba
232 282 362 352 depresso
379 280 500 350 grauiter
518 280 570 334 sub
586 297 728 336 murmure
745 282 835 351 mugit
890 297 932 337 555

68 363 97 414 55
115 359 212 414 reboat
230 374 342 413 raucum
359 358 436 426 regio
453 357 509 411 cita
526 357 644 411 barbara
661 357 800 428 bombum,

21 462 54 494 ns
67 439 97 490 et
115 435 214 490 validis
231 436 307 503 cycni
325 433 495 488 torrentibus
511 450 547 487 ex
568 433 708 489 Heliconis

66 529 128 566 curn
146 511 280 581 liquidam
297 510 399 564 tollunt
416 510 526 578 lugubri
543 527 609 565 voce
627 512 785 580 querellam.

104 589 195 643 Hasce
213 587 297 656 igitur
315 587 425 654 penitus
442 603 523 641 voces
540 602 602 641 eum
620 605 734 657 corpore
751 591 847 643 nostro

67 665 245 734 exprimimus
262 667 394 732 rectoque
412 663 485 717 foras
503 663 656 718 emittimus
673 681 728 731 ore,
885 680 932 720 555

67 741 174 794 mobilis
193 738 321 793 articulat
338 739 485 794 verborum
504 739 620 794 daedala
637 741 729 809 lingua

21 845 53 875 555
67 819 271 884 formaturaque
288 815 427 868 labrorum
445 830 495 884 pro
511 819 592 884 parte
610 817 718 885 figurat.

22 922 54 953 555
67 896 117 949 lroc
136 893 183 947 ubi
200 909 255 946 non
272 891 550 961 lougumspatiumst
567 893 641 947 unde
658 910 713 947 una
728 893 855 962 proiecta

66 971 208 1041 perveniat
226 986 278 1022 vox
297 985 432 1038 quaeque,
449 974 588 1024 necessest
605 970 690 1024 verba
707 986 816 1039 quoque
833 969 897 1038 ipsa

66 1048 147 1118 plane
164 1046 289 1101 exaudiri
308 1045 483 1114 discernique
500 1047 674 1100 articulatim.
887 1061 929 1100 555

67 1128 159 1181 servat
177 1125 251 1178 enim
268 1124 448 1177 formaturam
467 1127 615 1193 servatque
634 1124 757 1192 figuram.

66 1206 96 1257 at
114 1202 137 1256 ai
154 1201 346 1271 interpositum
364 1200 483 1268 spatium
501 1199 538 1254 sit
555 1199 662 1268 longius
680 1215 776 1268 aequo,

66 1296 131 1334 aera
147 1296 198 1348 per
215 1278 333 1331 multum
351 1276 481 1330 conlundi
498 1275 583 1330 verba
599 1280 738 1331 necessest

66 1359 96 1409 et
114 1354 273 1410 conturbari
291 1370 392 1420 vocem,
411 1353 478 1406 dum
496 1353 647 1407 transvolat
664 1368 751 1405 auras.

66 1447 133 1500 crgo
151 1433 190 1499 fit,
210 1431 329 1485 sonitum
347 1434 379 1484 55
396 1430 483 1499 possis
502 1429 606 1483 sentire
619 1444 710 1498 noque
728 1427 803 1481 illam
886 1445 927 1483 555

65 1508 258 1574 internoscere,
273 1507 418 1561 verborum
436 1506 574 1560 sententia
593 1522 664 1575 quae
683 1505 732 1559 sit:

66 1600 153 1653 usque
171 1583 241 1638 adeo
258 1584 370 1638 confusa
387 1582 463 1636 venit
480 1597 533 1635 vox
551 1581 634 1650 inque
651 1581 752 1651 pedita

67 1664 212 1728 praeterea
228 1660 343 1714 uerbum
362 1676 444 1728 saepo
461 1675 544 1712 unum
562 1659 667 1727 perciet
684 1658 758 1712 auris

66 1734 192 1789 omnibus
210 1736 238 1788 in
250 1737 357 1804 populo,
375 1736 487 1789 niissum
506 1735 647 1804 praeconis
666 1734 701 1788 ab
718 1750 773 1788 ore.

67 1812 95 1864 in
113 1811 213 1865 inultas
231 1811 316 1879 igitur
334 1820 413 1865 voees
431 1828 484 1864 vox
501 1828 556 1864 una
574 1815 688 1880 repente
885 1828 924 1866 555

67 1887 184 1955 diffugit,
203 1887 232 1941 iri
250 1888 341 1957 privas
360 1889 487 1957 quoniam
506 1905 535 1941 55
553 1887 653 1941 dividit
670 1888 744 1942 auris

66 1964 211 2032 obsignans
230 1964 345 2017 formam
364 1963 441 2018 verbi
459 1965 618 2033 clarumque
636 1981 769 2019 sonorem.

66 2046 96 2095 at
113 2057 183 2109 quaa
200 2057 264 2110 pars
282 2057 379 2095 vocum
396 2059 450 2094 non
468 2042 541 2095 auris
559 2041 655 2094 incidit
672 2042 752 2110 ipsas,

65 2118 234 2188 praeterlata
251 2117 325 2187 perit
341 2117 446 2171 fmstra
463 2117 562 2170 diffusa
578 2134 629 2186 per
646 2134 733 2171 auras.

66 2212 137 2264 pars,
157 2194 251 2249 solidis
269 2193 361 2263 adlisa,
378 2193 445 2248 locis
462 2194 565 2248 reiecta
582 2210 707 2248 sonorenr
885 2208 925 2250 555

66 2272 160 2326 reddit
179 2274 208 2326 et
225 2271 364 2326 interdurn
382 2270 533 2325 frustratur
552 2269 668 2338 imagine
686 2271 770 2325 verbi.

65 2365 135 2416 quae
153 2347 223 2402 bene
241 2365 302 2402 curn
321 2347 422 2414 videaa
440 2347 574 2402 rationem
592 2348 710 2402 reddere
727 2347 814 2416 possis

64 2428 126 2479 5555
143 2424 194 2478 tibi
212 2429 297 2493 atqua
315 2424 382 2491 aliis,
402 2441 456 2494 quo
474 2428 555 2493 pacto
572 2439 623 2492 per
640 2425 699 2478 loca
717 2424 774 2478 sola

65 2518 131 2554 saxa
148 2500 222 2569 paris
240 2501 340 2555 formas
360 2500 505 2555 verborum
523 2518 558 2554 ex
576 2500 672 2554 ordine
690 2499 817 2567 reddant,
839 2566 842 2572 Ι

65 2578 183 2647 palantia
201 2578 313 2631 comites
333 2595 394 2631 curn
413 2578 514 2631 montis
532 2578 605 2631 iuter
622 2595 721 2648 opacos
880 2590 920 2632 57⁶
971 2628 975 2635 .

67 2655 223 2722 quaerimus
242 2657 271 2708 et
288 2671 387 2722 magna
405 2653 541 2722 dispersos
558 2670 625 2708 5555
638 2642 798 2785 555555εέ

68 2747 116 2784 sex
133 2731 217 2786 etiam
235 2734 284 2785 aut
302 2734 409 2799 septem
427 2729 486 2783 loca
503 2731 559 2784 vidi
576 2729 695 2785 reddere
712 2748 746 2784 ro
792 2771 799 2796 ‚

67 2821 150 2858 unam
168 2823 229 2858 cunr
247 2807 363 2860 iaceres:
382 2808 422 2860 ita
440 2807 522 2860 colles
540 2807 653 2861 collibus
670 2807 723 2875 ipsi

67 2878 152 2929 verba
169 2882 339 2945 repulsantes
356 2881 495 2935 iterabant
512 2881 594 2937 docta
611 2882 716 2937 referri.

66 2950 133 3032 haec
151 2951 209 3003 loca
227 2954 387 3020 capripedes
406 2961 511 3024 satyros
527 2957 715 3026 nymphasque
731 2961 828 3013 tenere
856 2926 921 3213 ἶ

65 3021 175 3076 finitimi
193 3024 300 3088 fingunt
319 3030 348 3079 55
364 3030 460 3084 faunos
478 3048 538 3086 esse
556 3034 683 3087 locuntur

65 3107 181 3157 quorum
198 3098 341 3164 noctivago
359 3105 477 3169 strepitu
494 3105 613 3173 ludoque
631 3108 731 3163 iocanti

64 3163 211 3217 adfirmant
228 3169 306 3233 volgo
323 3174 462 3228 taciturna
478 3180 588 3233 silentia
605 3183 696 3248 rumpi
728 3208 731 3214 ’
