2176 3404
361 404 576 503 annonam
595 446 690 504 cnm

200 615 281 691 DE
320 615 542 692 RERUM
581 616 851 692 NATURA

364 807 492 856 LIBER
514 806 683 857 SEXTUS.

461 986 563 1017 -4-

98 1131 207 1188 Primae
223 1133 377 1203 frugiparos
394 1134 467 1188 fetus
485 1133 646 1188 mortalibus
663 1133 752 1202 aegris

97 1209 258 1264 dididerunt
276 1209 412 1279 quondam
431 1211 572 1279 praeclaro
590 1210 698 1263 nomine
717 1208 847 1263 Athenae

96 1289 127 1338 et
144 1290 337 1339 recreaverunt
354 1286 439 1339 vitam
456 1286 586 1354 legesque
604 1288 743 1354 rogarunt,

97 1365 127 1414 ct
143 1362 249 1430 primae
266 1361 403 1415 dederunt
421 1362 519 1416 solacia
537 1362 627 1415 dulcia
643 1363 725 1430 vitae,

97 1454 158 1490 cunr
176 1454 295 1506 genuere
311 1438 399 1492 virum
417 1438 467 1491 tali
484 1455 545 1491 cum
564 1438 647 1491 corde
664 1441 814 1507 repertum,
939 1449 954 1490 a

96 1514 186 1568 omnia
203 1513 320 1568 veridico
338 1514 385 1583 qui
403 1514 541 1582 quondam
559 1532 594 1568 ex
612 1532 659 1569 ore
676 1513 814 1582 profudit3

96 1591 172 1644 cuius
189 1593 219 1644 et
236 1589 352 1645 extincti
369 1594 484 1660 propter
501 1591 594 1644 divina
610 1594 723 1660 reperta

97 1665 235 1733 divolgata
252 1669 332 1720 vetus
349 1667 403 1719 iarn
421 1667 457 1720 ad
474 1667 579 1721 caelum
596 1666 684 1735 gloria
701 1667 796 1719 fertur.

96 1757 160 1795 nam
177 1759 239 1795 cum
256 1742 333 1796 vidit·
344 1742 387 1796 hic
405 1742 442 1796 ad
459 1743 562 1796 vietum
580 1759 651 1811 quae
668 1743 775 1811 flagitat
792 1756 860 1794 usus

96 1817 186 1871 onmia
202 1817 257 1870 iarn
274 1818 361 1872 ferme
378 1818 539 1872 mortalibus
557 1836 617 1872 esse
634 1824 731 1888 parata
926 1828 953 1869 ιο

97 1897 133 1957 et,
151 1910 283 1963 proquam
300 1905 402 1963 posset,
420 1896 505 1948 vitam
522 1896 671 1949 consistere
689 1898 786 1960 tutam,

96 1971 197 2024 divitiis
214 1970 337 2024 homines
356 1976 384 2025 et
401 1971 504 2026 honore
522 1975 551 2026 et
568 1971 651 2025 laude
668 1971 788 2041 potentis

96 2048 206 2109 affluere
224 2051 307 2116 atque
325 2047 397 2102 bona
414 2051 560 2115 gnatorum
576 2048 712 2102 excellere
729 2048 808 2114 fama,

95 2140 145 2178 nec
163 2124 252 2177 minus
269 2140 330 2178 esse
348 2124 422 2177 domi
440 2125 568 2193 cuiquam
586 2128 679 2178 tamen
697 2124 777 2177 anxia
794 2122 888 2190 eorda,

95 2205 179 2268 atquo
195 2200 279 2253 animi
296 2200 410 2268 ingratis
427 2200 512 2254 vitam
530 2216 630 2254 vexare
646 2201 709 2255 aiae
727 2200 785 2254 aaa
926 2214 951 2253 ra

72 2289 74 2293 ·
95 2294 181 2345 pausa
198 2279 282 2345 atque
300 2276 405 2330 infestis
424 2276 501 2344 aegei
519 2276 623 2330 saevire
642 2277 779 2345 querellis,

67 2362 80 2393 ·'
95 2352 230 2420 intellegit
247 2351 285 2405 ibi
303 2353 400 2406 vitium
418 2369 471 2436 agas
484 2353 592 2406 efficere
609 2353 699 2421 ipsum

95 2429 240 2497 omniaque
257 2428 330 2482 iliius
347 2429 413 2482 vitio
432 2430 603 2498 corrumpier
620 2429 694 2482 intus

95 2522 165 2574 quae
183 2504 291 2559 conlato
308 2504 374 2557 foris
392 2509 421 2558 et
439 2505 582 2558 commoda
599 2521 716 2573 cumque
733 2506 874 2573 venirent3

94 2581 196 2649 partim
214 2581 289 2649 quod
306 2580 408 2632 fluxum
426 2585 624 2649 pertusumque
642 2598 703 2635 csse
720 2581 840 2650 videbat,
923 2597 949 2638 ao

94 2660 126 2710 ut
143 2658 218 2711 nulla
235 2660 328 2726 posset
345 2657 451 2709 tatione
470 2656 607 2726 explerier
624 2673 769 2726 umquam;

94 2733 195 2798 partim
212 2733 286 2799 quod
304 2735 394 2784 taetro
412 2733 491 2799 quasi
509 2748 690 2801 conspurcare
707 2748 804 2800 sapore

94 2806 184 2856 omnia
201 2807 339 2871 cernebat,
357 2822 544 2876 quaecumque
562 2811 710 2876 receperat,
727 2809 809 2862 intus.

94 2877 219 2928 veridicis
236 2877 322 2942 igitur
338 2881 468 2946 purgavit
484 2885 599 2949 pectora
616 2883 698 2937 dictis

93 2951 123 2997 et
140 2948 221 2998 finem
240 2952 336 3004 statuit
354 2955 517 3020 cuppedinis
534 2959 619 3026 atque
636 2958 743 3011 timoris
924 2977 949 3016 ὅ

94 3020 275 3101 exposuitque
292 3023 393 3077 bonum
411 3044 546 3082 summum
565 3049 620 3098 quo
637 3034 777 3086 tendimus
794 3050 890 3090 omncs

95 3090 162 3152 (1¹²³l
180 3090 258 3151 s01'0t
276 3099 361 3161 atque
378 3100 449 3152 riam
467 3108 639 3172 monstravit,
657 3111 771 3162 tramite
788 3128 873 3178 parvo
