2190 3398
565 106 619 164 ΙΙΙ
980 112 1014 171 67

165 208 295 263 omuibus
312 211 355 261 est
373 223 456 260 unum
472 208 625 276 perfeetum
641 211 763 279 eorporis
781 227 908 280 augmen.

165 286 207 339 sic
223 285 297 339 calor
314 286 400 352 atque
417 300 465 337 ser
482 287 513 338 et
529 286 605 339 renti
622 301 702 340 essee
719 290 842 354 potestus

165 362 254 415 mixte
270 363 367 413 creant
383 376 466 413 unum
483 363 609 415 naturam
628 366 657 415 et
675 362 781 417 mobilis
799 363 846 417 ille
980 378 1018 424 ns

164 437 216 506 vis,
234 437 334 490 initum
352 439 442 490 motus
459 436 495 489 ab
513 453 543 491 se
561 454 632 506 quae
649 438 748 493 dividit
765 440 834 507 ollis,

166 514 282 569 sensifer
300 512 374 567 unde
391 512 480 567 oritur
497 513 615 582 primum
633 515 805 584 perviscera
821 519 920 573 motus

165 607 231 644 nem
247 589 358 659 penitus
374 600 501 657 prorsum
517 589 589 644 lutet
604 590 672 645 bueo
690 595 788 646 nature
805 591 955 662 subestque

164 683 217 720 nee
233 666 321 733 magis
338 665 389 719 hac
406 663 478 720 inira
494 666 640 735 quicquum
657 671 701 722 est
717 668 746 721 iu
764 684 878 739 corpore
896 672 991 725 nostro

165 746 251 812 etque
269 743 359 796 anime
376 744 421 795 est
437 742 543 797 errimus
559 758 693 812 proporro
710 745 796 799 totius
812 746 880 816 ipss
983 754 1020 795 rr»

165 818 241 887 quod
257 834 345 887 genus
361 818 391 872 in
407 819 508 872 uostris
525 818 656 873 membris
673 822 703 875 et
720 836 834 891 corpore
850 825 913 879 toto

165 896 253 950 mixte
270 895 359 949 latens
376 894 459 948 animi
477 895 519 948 vis
537 898 581 949 est
597 896 759 964 animaeque
774 902 904 966 potestus,

165 971 325 1040 corporibus
342 971 407 1038 quie
425 970 461 1025 de
477 971 572 1038 persis
586 972 735 1041 paucisque
753 978 881 1032 ereetuet.

165 1048 205 1100 sie
222 1047 272 1101 tibi
289 1047 406 1100 nominis
423 1047 492 1101 baec
509 1063 607 1117 expers
625 1048 665 1101 ris
682 1049 755 1103 fectu
771 1051 886 1107 minutis

165 1122 325 1192 corporibus
342 1121 411 1176 latet
428 1126 513 1191 etque
530 1124 636 1178 enimse
654 1127 731 1194 quusi
748 1128 835 1182 totius
852 1129 913 1199 ipss
984 1146 1022 1187 seo

164 1203 326 1268 proporrost
343 1198 433 1252 anime
449 1203 479 1253 et
497 1199 653 1253 dominatur
669 1218 783 1271 corporo
799 1207 867 1259 toto.

166 1275 299 1329 consimili
316 1275 423 1329 ratione
440 1278 579 1331 necessest
595 1280 693 1330 ventus
711 1284 741 1332 et
759 1295 807 1334 ser

165 1353 196 1404 et
213 1351 287 1404 mlor
304 1350 377 1405 inter
395 1367 425 1405 se
442 1352 553 1418 rigeant
569 1353 717 1408 commixta
734 1370 784 1424 per
801 1359 880 1412 artus

164 1427 255 1496 adque
272 1427 333 1481 eliis
351 1427 426 1481 eliud
443 1427 531 1482 subsit
549 1429 636 1496 magis
654 1431 827 1500 eminentque

163 1507 196 1557 ut
214 1503 347 1572 quiddam
364 1504 432 1578 fieri¹
442 1503 569 1558 videatur
586 1505 621 1558 ab
640 1506 764 1559 omuibus
781 1523 874 1574 unum,
978 1524 1018 1565 sse

163 1580 192 1632 ni
210 1580 284 1633 calor
301 1596 334 1634 ac
350 1584 449 1635 ventus
467 1594 589 1635 seorsum
608 1598 784 1651 seorsumque
801 1586 925 1652 potestus

163 1655 234 1709 oens
252 1657 418 1711 interemunt
437 1673 545 1711 sensum
564 1657 731 1727 diductaque
750 1660 864 1715 solvant.
882 1667 957 1731 uss,
978 1668 1049 1761 β’

162 1735 206 1786 ost
224 1732 326 1786 etenim
344 1733 418 1786 calor
435 1732 482 1786 ille
500 1733 597 1800 animo,
616 1750 698 1802 quem
716 1736 806 1797 sumit
822 1735 851 1789 in
868 1735 911 1790 im

162 1824 224 1862 eum
242 1809 371 1863 fervescit
387 1812 419 1862 et
435 1825 471 1864 ex
488 1809 573 1864 oeulis
590 1810 674 1865 micet
691 1810 799 1865 aeribus
816 1811 906 1866 ardor.

162 1888 205 1939 est
223 1888 254 1938 et
271 1885 372 1953 frigida
390 1885 477 1939 multu
494 1902 585 1939 eomes
603 1886 757 1940 formidinis
774 1904 841 1941 aure
979 1904 1016 1942 eor

162 1977 232 2030 quse
250 1961 306 2015 ciet
323 1961 464 2014 horrorem
482 1962 612 2015 membris
630 1964 659 2016 et
677 1963 795 2017 eoncitat
812 1967 895 2019 artus.

161 2040 204 2091 est
222 2035 307 2090 etiem
326 2052 434 2105 quoque
452 2038 541 2106 pecati
560 2041 650 2091 status
667 2039 739 2092 seris
755 2039 810 2107 ille,

160 2116 272 2182 pectore
289 2113 437 2179 tranquillo
455 2114 502 2182 qui
519 2114 700 2182 fitr'oltuque
717 2132 822 2170 sereno.

160 2188 210 2242 sed
227 2188 309 2242 calidi
326 2189 388 2258 plus
405 2192 450 2243 est
467 2190 520 2243 illis
538 2189 638 2259 quibus
655 2192 729 2245 aerio
744 2191 828 2245 eorde

158 2264 347 2334 irecunduque
364 2281 441 2320 meus
459 2265 537 2319 facile
555 2266 708 2322 effervescit
724 2268 753 2321 in
769 2267 819 2321 ira.
980 2281 1018 2322 295

161 2357 216 2410 quo
233 2357 336 2409 genere
350 2343 382 2397 iu
399 2341 496 2411 primis
513 2343 554 2396 vis
571 2345 615 2396 eet
633 2344 752 2398 violenta
768 2343 886 2410 leonum,

160 2420 274 2485 pectora
291 2418 339 2487 qui
355 2418 468 2472 fremitu
485 2423 616 2487 mmprmt
632 2420 794 2489 plerumque
810 2422 954 2488 gementes

159 2509 211 2546 nee
230 2509 328 2562 cepere
345 2495 449 2549 irarum
466 2494 565 2549 fluetus
582 2496 610 2548 in
628 2500 739 2564 pectore
755 2499 878 2565 possunt.

160 2572 190 2623 et
208 2574 322 2624 ventose
338 2570 426 2639 magis
440 2582 585 2626 cervorum
602 2572 705 2639 frigido
722 2589 799 2628 mens
816 2575 860 2628 est

159 2647 190 2699 et
207 2643 314 2713 gelidus
332 2646 412 2700 eitius
429 2648 602 2715 perviscera
619 2649 738 2703 concitet
754 2665 835 2702 surus
975 2661 1014 2704 eoo

161 2736 232 2788 quse
250 2722 397 2777 tremulum
415 2723 518 2779 fuciunt
535 2724 665 2779 membris
683 2725 802 2779 existere
819 2726 932 2781 motum.

160 2800 191 2850 st
209 2801 310 2851 nature
328 2798 411 2852 bourn
429 2799 535 2868 placido
553 2802 641 2870 mugio
658 2819 722 2857 uero
739 2801 814 2867 vivit,

157 2888 208 2927 nec
226 2873 307 2927 nimis
326 2875 377 2929 irei
395 2877 441 2929 fex
458 2894 589 2946 umquem
607 2878 719 2933 subdita
735 2877 825 2946 percit

157 2948 272 3016 fumida,
294 2950 453 3007 suffimdens
469 2971 566 3008 caecae
585 2954 707 3023 caliginis
723 2954 828 3017 umbra,

162 3041 212 3079 nec
230 3025 330 3094 gelidis
348 3031 442 3096 torpet
459 3029 522 3082 telis
540 3030 646 3097 pertire
663 3029 787 3096 peveris:
979 3038 1016 3078 eos

161 3101 386 3171 interutrosque
405 3104 493 3168 sitast,
511 3119 605 3156 cervos
623 3117 772 3169 suevosque
790 3100 890 3153 leones.

162 3178 200 3229 sic
218 3177 357 3231 hominum
376 3195 463 3246 genus
480 3181 530 3230 est.
550 3177 674 3243 quumvis
692 3173 818 3227 doctrine
833 3170 934 3237 politos
