<?xml version="1.0" encoding="UTF-8"?>
<!DOCTYPE html PUBLIC "-//W3C//DTD XHTML 1.0 Transitional//EN"
    "http://www.w3.org/TR/xhtml1/DTD/xhtml1-transitional.dtd">
<html xmlns="http://www.w3.org/1999/xhtml" xml:lang="en" lang="en">
 <head>
  <title>
</title>
<meta http-equiv="Content-Type" content="text/html;charset=utf-8" />
  <meta name='ocr-system' content='tesseract 3.04.00' />
  <meta name='ocr-capabilities' content='ocr_page ocr_carea ocr_par ocr_line ocrx_word'/>
</head>
<body>
  <div class='ocr_page' id='page_1' title='image "./tlucreticarider08munrgoog_0121.png"; bbox 0 0 2190 3398; ppageno 0'>
   <div class='ocr_carea' id='block_1_1' title="bbox 68 89 512 154">
    <p class='ocr_par' dir='ltr' id='par_1_1' title="bbox 68 89 512 154">
     <span class='ocr_line' id='line_1_1' title="bbox 68 89 512 154; baseline -0.018 0"><span class='ocrx_word' id='word_1_1' title='bbox 68 95 107 154; x_wconf 79' lang='lat'><strong>72</strong></span> <span class='ocrx_word' id='word_1_2' title='bbox 457 89 512 146; x_wconf 92' lang='lat' dir='ltr'><strong>III</strong></span> 
     </span>
    </p>
   </div>
   <div class='ocr_carea' id='block_1_2' title="bbox 27 191 947 3216">
    <p class='ocr_par' dir='ltr' id='par_1_2' title="bbox 67 191 748 334">
     <span class='ocr_line' id='line_1_2' title="bbox 67 191 733 264; baseline -0.012 -14"><span class='ocrx_word' id='word_1_3' title='bbox 67 197 176 251; x_wconf 88' lang='lat' dir='ltr'><strong>illorum</strong></span> <span class='ocrx_word' id='word_1_4' title='bbox 193 195 267 264; x_wconf 88' lang='lat' dir='ltr'><strong>potis</strong></span> <span class='ocrx_word' id='word_1_5' title='bbox 284 197 334 261; x_wconf 81' lang='lat' dir='ltr'><strong>esi,</strong></span> <span class='ocrx_word' id='word_1_6' title='bbox 352 193 388 248; x_wconf 82' lang='lat' dir='ltr'><strong>ad</strong></span> <span class='ocrx_word' id='word_1_7' title='bbox 405 192 491 247; x_wconf 82' lang='lat' dir='ltr'><strong>vitam</strong></span> <span class='ocrx_word' id='word_1_8' title='bbox 509 191 557 260; x_wconf 86' lang='lat' dir='ltr'><strong>qui</strong></span> <span class='ocrx_word' id='word_1_9' title='bbox 573 192 733 244; x_wconf 85' lang='lat' dir='ltr'><strong>revocantes</strong></span> 
     </span>
     <span class='ocr_line' id='line_1_3' title="bbox 67 270 748 334; baseline -0.009 -8"><span class='ocrx_word' id='word_1_10' title='bbox 67 273 244 326; x_wconf 74' lang='lat' dir='ltr'><strong>circumstant</strong></span> <span class='ocrx_word' id='word_1_11' title='bbox 261 270 379 322; x_wconf 73' lang='lat' dir='ltr'><strong>lacrimis</strong></span> <span class='ocrx_word' id='word_1_12' title='bbox 396 272 521 321; x_wconf 88' lang='lat' dir='ltr'><strong>rorantes</strong></span> <span class='ocrx_word' id='word_1_13' title='bbox 538 282 586 319; x_wconf 88' lang='lat' dir='ltr'><strong>ora</strong></span> <span class='ocrx_word' id='word_1_14' title='bbox 603 282 748 334; x_wconf 84' lang='lat' dir='ltr'><strong>genasque.</strong></span> 
     </span>
    </p>

    <p class='ocr_par' dir='ltr' id='par_1_3' title="bbox 67 342 923 493">
     <span class='ocr_line' id='line_1_4' title="bbox 67 342 923 417; baseline -0.005 -16"><span class='ocrx_word' id='word_1_15' title='bbox 67 365 152 417; x_wconf 86' lang='lat' dir='ltr'><strong>quare</strong></span> <span class='ocrx_word' id='word_1_16' title='bbox 170 347 290 401; x_wconf 78' lang='lat' dir='ltr'><strong>animum</strong></span> <span class='ocrx_word' id='word_1_17' title='bbox 308 361 415 414; x_wconf 90' lang='lat' dir='ltr'><strong>quoque</strong></span> <span class='ocrx_word' id='word_1_18' title='bbox 433 342 546 397; x_wconf 84' lang='lat' dir='ltr'><strong>dissolui</strong></span> <span class='ocrx_word' id='word_1_19' title='bbox 563 343 666 396; x_wconf 81' lang='lat' dir='ltr'><strong>fateare</strong></span> <span class='ocrx_word' id='word_1_20' title='bbox 683 345 828 409; x_wconf 66' lang='lat' dir='ltr'><strong>neeewest,</strong></span> <span class='ocrx_word' id='word_1_21' title='bbox 881 357 923 397; x_wconf 70' lang='lat' dir='ltr'><strong>no</strong></span> 
     </span>
     <span class='ocr_line' id='line_1_5' title="bbox 67 418 834 493; baseline -0.008 -15"><span class='ocrx_word' id='word_1_22' title='bbox 67 422 288 493; x_wconf 87' lang='lat' dir='ltr'><strong>quandoquidem</strong></span> <span class='ocrx_word' id='word_1_23' title='bbox 307 424 453 490; x_wconf 84' lang='lat' dir='ltr'><strong>penetrant</strong></span> <span class='ocrx_word' id='word_1_24' title='bbox 470 420 498 473; x_wconf 91' lang='lat' dir='ltr'><strong>in</strong></span> <span class='ocrx_word' id='word_1_25' title='bbox 516 436 578 473; x_wconf 88' lang='lat' dir='ltr'><strong>eum</strong></span> <span class='ocrx_word' id='word_1_26' title='bbox 596 420 722 486; x_wconf 80' lang='lat' dir='ltr'><strong>contagia</strong></span> <span class='ocrx_word' id='word_1_27' title='bbox 738 418 834 473; x_wconf 81' lang='lat' dir='ltr'><strong>morbi.</strong></span> 
     </span>
    </p>

    <p class='ocr_par' dir='ltr' id='par_1_4' title="bbox 66 494 803 642">
     <span class='ocr_line' id='line_1_6' title="bbox 67 494 803 562; baseline -0.007 -8"><span class='ocrx_word' id='word_1_28' title='bbox 67 516 130 554; x_wconf 90' lang='lat' dir='ltr'><strong>nam</strong></span> <span class='ocrx_word' id='word_1_29' title='bbox 148 499 226 554; x_wconf 92' lang='lat' dir='ltr'><strong>dolor</strong></span> <span class='ocrx_word' id='word_1_30' title='bbox 244 515 275 553; x_wconf 86' lang='lat' dir='ltr'><strong>ac</strong></span> <span class='ocrx_word' id='word_1_31' title='bbox 292 497 403 551; x_wconf 89' lang='lat' dir='ltr'><strong>morbus</strong></span> <span class='ocrx_word' id='word_1_32' title='bbox 420 496 470 551; x_wconf 84' lang='lat' dir='ltr'><strong>leti</strong></span> <span class='ocrx_word' id='word_1_33' title='bbox 486 494 635 550; x_wconf 80' lang='lat' dir='ltr'><strong>fabricator</strong></span> <span class='ocrx_word' id='word_1_34' title='bbox 652 498 803 562; x_wconf 85' lang='lat' dir='ltr'><strong>uterquest,</strong></span> 
     </span>
     <span class='ocr_line' id='line_1_7' title="bbox 66 571 751 642; baseline -0.006 -12"><span class='ocrx_word' id='word_1_35' title='bbox 66 577 215 630; x_wconf 89' lang='lat' dir='ltr'><strong>multorum</strong></span> <span class='ocrx_word' id='word_1_36' title='bbox 233 574 317 628; x_wconf 81' lang='lat' dir='ltr'><strong>exitio</strong></span> <span class='ocrx_word' id='word_1_37' title='bbox 335 573 460 642; x_wconf 83' lang='lat' dir='ltr'><strong>perdocti</strong></span> <span class='ocrx_word' id='word_1_38' title='bbox 478 571 553 641; x_wconf 89' lang='lat' dir='ltr'><strong>qnod</strong></span> <span class='ocrx_word' id='word_1_39' title='bbox 570 574 751 626; x_wconf 73' lang='lat' dir='ltr'><strong>summonte.</strong></span> 
     </span>
    </p>

    <p class='ocr_par' dir='ltr' id='par_1_5' title="bbox 66 664 846 707">
     <span class='ocr_line' id='line_1_8' title="bbox 66 664 846 707; baseline -0.004 -7"><span class='ocrx_word' id='word_1_40' title='bbox 66 668 95 700; x_wconf 75' lang='grc' dir='ltr'><strong>ΕΤ</strong></span> <span class='ocrx_word' id='word_1_41' title='bbox 105 668 217 707; x_wconf 68' lang='lat' dir='ltr'><strong>Quouis!</strong></span> <span class='ocrx_word' id='word_1_42' title='bbox 230 666 330 698; x_wconf 71' lang='grc' dir='ltr'><strong>ΜΕΝΤΙΙ</strong></span> <span class='ocrx_word' id='word_1_43' title='bbox 342 666 433 698; x_wconf 73' lang='lat' dir='ltr'><strong>esuum</strong></span> <span class='ocrx_word' id='word_1_44' title='bbox 445 665 535 699; x_wconf 72' lang='lat' dir='ltr'>OOEPUS</span> <span class='ocrx_word' id='word_1_45' title='bbox 545 665 578 698; x_wconf 80' lang='lat' dir='ltr'><strong>U&#39;l&#39;</strong></span> <span class='ocrx_word' id='word_1_46' title='bbox 590 664 693 698; x_wconf 71' lang='lat' dir='ltr'><strong>suum</strong></span> <span class='ocrx_word' id='word_1_47' title='bbox 840 688 846 697; x_wconf 90' lang='lat'>.</span> 
     </span>
    </p>

    <p class='ocr_par' dir='ltr' id='par_1_6' title="bbox 66 714 927 866">
     <span class='ocr_line' id='line_1_9' title="bbox 66 714 927 774; baseline 0.007 -6"><span class='ocrx_word' id='word_1_48' title='bbox 66 737 96 769; x_wconf 83' lang='lat' dir='ltr'><strong>ur</strong></span> <span class='ocrx_word' id='word_1_49' title='bbox 109 735 214 768; x_wconf 77' lang='lat' dir='ltr'><strong>ramnus</strong></span> <span class='ocrx_word' id='word_1_50' title='bbox 223 734 324 767; x_wconf 77' lang='lat' dir='ltr'><strong>urrunnu</strong></span> <span class='ocrx_word' id='word_1_51' title='bbox 342 735 432 768; x_wconf 72' lang='lat' dir='ltr'><strong>ssnsnr</strong></span> <span class='ocrx_word' id='word_1_52' title='bbox 449 734 540 767; x_wconf 77' lang='lat' dir='ltr'><strong>cornus</strong></span> <span class='ocrx_word' id='word_1_53' title='bbox 555 734 626 767; x_wconf 74' lang='lat' dir='ltr'><strong>nram</strong></span> <span class='ocrx_word' id='word_1_54' title='bbox 833 714 844 731; x_wconf 65' lang='lat'><strong>‘</strong></span> <span class='ocrx_word' id='word_1_55' title='bbox 880 733 927 774; x_wconf 76' lang='lat'>4⁷5·</span> 
     </span>
     <span class='ocr_line' id='line_1_10' title="bbox 67 795 796 866; baseline 0 -15"><span class='ocrx_word' id='word_1_56' title='bbox 67 798 185 866; x_wconf 86' lang='lat' dir='ltr'><strong>deniqne</strong></span> <span class='ocrx_word' id='word_1_57' title='bbox 203 811 259 864; x_wconf 89' lang='lat' dir='ltr'><strong>cur,</strong></span> <span class='ocrx_word' id='word_1_58' title='bbox 276 795 413 849; x_wconf 90' lang='lat' dir='ltr'><strong>bominem</strong></span> <span class='ocrx_word' id='word_1_59' title='bbox 431 811 493 849; x_wconf 88' lang='lat' dir='ltr'><strong>cum</strong></span> <span class='ocrx_word' id='word_1_60' title='bbox 510 795 566 848; x_wconf 85' lang='lat' dir='ltr'><strong>vini</strong></span> <span class='ocrx_word' id='word_1_61' title='bbox 583 795 624 849; x_wconf 83' lang='lat' dir='ltr'><strong>ris</strong></span> <span class='ocrx_word' id='word_1_62' title='bbox 640 795 796 865; x_wconf 82' lang='lat' dir='ltr'><strong>penetravit</strong></span> 
     </span>
    </p>

    <p class='ocr_par' dir='ltr' id='par_1_7' title="bbox 67 869 703 940">
     <span class='ocr_line' id='line_1_11' title="bbox 67 869 703 940; baseline -0.003 -13"><span class='ocrx_word' id='word_1_63' title='bbox 67 873 138 927; x_wconf 81' lang='lat' dir='ltr'><strong>acris</strong></span> <span class='ocrx_word' id='word_1_64' title='bbox 156 876 185 926; x_wconf 90' lang='lat' dir='ltr'><strong>ct</strong></span> <span class='ocrx_word' id='word_1_65' title='bbox 202 873 230 926; x_wconf 90' lang='lat' dir='ltr'><strong>in</strong></span> <span class='ocrx_word' id='word_1_66' title='bbox 249 888 331 926; x_wconf 80' lang='lat' dir='ltr'><strong>venas</strong></span> <span class='ocrx_word' id='word_1_67' title='bbox 349 870 474 925; x_wconf 77' lang='lat' dir='ltr'><strong>dbeessit</strong></span> <span class='ocrx_word' id='word_1_68' title='bbox 492 869 597 925; x_wconf 89' lang='lat' dir='ltr'><strong>diditus</strong></span> <span class='ocrx_word' id='word_1_69' title='bbox 613 871 703 940; x_wconf 83' lang='lat' dir='ltr'><strong>ardor,</strong></span> 
     </span>
    </p>

    <p class='ocr_par' dir='ltr' id='par_1_8' title="bbox 67 947 823 1017">
     <span class='ocr_line' id='line_1_12' title="bbox 67 947 823 1017; baseline -0.001 -14"><span class='ocrx_word' id='word_1_70' title='bbox 67 949 243 1017; x_wconf 87' lang='lat' dir='ltr'><strong>consequitur</strong></span> <span class='ocrx_word' id='word_1_71' title='bbox 259 947 381 1016; x_wconf 63' lang='lat' dir='ltr'><strong>gravim</strong></span> <span class='ocrx_word' id='word_1_72' title='bbox 398 947 590 1014; x_wconf 88' lang='lat' dir='ltr'><strong>membrorum,</strong></span> <span class='ocrx_word' id='word_1_73' title='bbox 608 947 823 1016; x_wconf 83' lang='lat' dir='ltr'><strong>praepediuntur</strong></span> 
     </span>
    </p>

    <p class='ocr_par' dir='ltr' id='par_1_9' title="bbox 68 1022 793 1092">
     <span class='ocr_line' id='line_1_13' title="bbox 68 1022 793 1092; baseline 0 -14"><span class='ocrx_word' id='word_1_74' title='bbox 68 1041 148 1079; x_wconf 88' lang='lat' dir='ltr'><strong>crura</strong></span> <span class='ocrx_word' id='word_1_75' title='bbox 164 1024 311 1092; x_wconf 72' lang='lat' dir='ltr'><strong>vacillanti,</strong></span> <span class='ocrx_word' id='word_1_76' title='bbox 330 1023 462 1077; x_wconf 77' lang='lat' dir='ltr'><strong>tardescit</strong></span> <span class='ocrx_word' id='word_1_77' title='bbox 479 1022 579 1090; x_wconf 76' lang='lat' dir='ltr'><strong>lingue,</strong></span> <span class='ocrx_word' id='word_1_78' title='bbox 597 1023 692 1078; x_wconf 85' lang='lat' dir='ltr'><strong>madet</strong></span> <span class='ocrx_word' id='word_1_79' title='bbox 708 1040 793 1092; x_wconf 89' lang='lat' dir='ltr'><strong>mons,</strong></span> 
     </span>
    </p>

    <p class='ocr_par' dir='ltr' id='par_1_10' title="bbox 67 1091 922 1397">
     <span class='ocr_line' id='line_1_14' title="bbox 67 1091 922 1168; baseline -0.001 -13"><span class='ocrx_word' id='word_1_80' title='bbox 67 1105 135 1155; x_wconf 84' lang='lat' dir='ltr'><strong>nant</strong></span> <span class='ocrx_word' id='word_1_81' title='bbox 152 1100 229 1168; x_wconf 81' lang='lat' dir='ltr'><strong>oculi,</strong></span> <span class='ocrx_word' id='word_1_82' title='bbox 247 1100 348 1154; x_wconf 79' lang='lat' dir='ltr'><strong>clamor</strong></span> <span class='ocrx_word' id='word_1_83' title='bbox 359 1091 502 1166; x_wconf 62' lang='lat' dir='ltr'><strong>”singultus</strong></span> <span class='ocrx_word' id='word_1_84' title='bbox 520 1099 608 1168; x_wconf 86' lang='lat' dir='ltr'><strong>iurgia</strong></span> <span class='ocrx_word' id='word_1_85' title='bbox 625 1099 751 1168; x_wconf 82' lang='lat' dir='ltr'><strong>gliscunt,</strong></span> <span class='ocrx_word' id='word_1_86' title='bbox 881 1114 922 1153; x_wconf 75' lang='lat' dir='ltr'><strong>css</strong></span> 
     </span>
     <span class='ocr_line' id='line_1_15' title="bbox 69 1175 884 1245; baseline -0.004 -14"><span class='ocrx_word' id='word_1_87' title='bbox 69 1180 98 1232; x_wconf 86' lang='lat' dir='ltr'><strong>et</strong></span> <span class='ocrx_word' id='word_1_88' title='bbox 114 1178 169 1230; x_wconf 88' lang='lat' dir='ltr'><strong>iam</strong></span> <span class='ocrx_word' id='word_1_89' title='bbox 187 1181 281 1231; x_wconf 81' lang='lat' dir='ltr'><strong>cetera</strong></span> <span class='ocrx_word' id='word_1_90' title='bbox 298 1175 334 1230; x_wconf 87' lang='lat' dir='ltr'><strong>de</strong></span> <span class='ocrx_word' id='word_1_91' title='bbox 351 1191 453 1244; x_wconf 83' lang='lat' dir='ltr'><strong>genere</strong></span> <span class='ocrx_word' id='word_1_92' title='bbox 470 1175 522 1229; x_wconf 88' lang='lat' dir='ltr'><strong>hoc</strong></span> <span class='ocrx_word' id='word_1_93' title='bbox 540 1192 728 1245; x_wconf 85' lang='lat' dir='ltr'><strong>quaecumque</strong></span> <span class='ocrx_word' id='word_1_94' title='bbox 746 1178 884 1244; x_wconf 82' lang='lat' dir='ltr'><strong>secuntur,</strong></span> 
     </span>
     <span class='ocr_line' id='line_1_16' title="bbox 69 1251 761 1320; baseline -0.004 -12"><span class='ocrx_word' id='word_1_95' title='bbox 69 1270 117 1308; x_wconf 89' lang='lat' dir='ltr'><strong>cur</strong></span> <span class='ocrx_word' id='word_1_96' title='bbox 135 1270 168 1308; x_wconf 83' lang='lat' dir='ltr'><strong>ea</strong></span> <span class='ocrx_word' id='word_1_97' title='bbox 186 1257 256 1320; x_wconf 80' lang='lat' dir='ltr'><strong>sunt,</strong></span> <span class='ocrx_word' id='word_1_98' title='bbox 275 1252 327 1306; x_wconf 90' lang='lat' dir='ltr'><strong>nisi</strong></span> <span class='ocrx_word' id='word_1_99' title='bbox 346 1251 419 1320; x_wconf 88' lang='lat' dir='ltr'><strong>quod</strong></span> <span class='ocrx_word' id='word_1_100' title='bbox 436 1267 546 1304; x_wconf 83' lang='lat' dir='ltr'><strong>vemens</strong></span> <span class='ocrx_word' id='word_1_101' title='bbox 563 1251 691 1306; x_wconf 77' lang='lat' dir='ltr'><strong>uiolentia</strong></span> <span class='ocrx_word' id='word_1_102' title='bbox 708 1254 761 1305; x_wconf 82' lang='lat' dir='ltr'><strong>vini</strong></span> 
     </span>
     <span class='ocr_line' id='line_1_17' title="bbox 68 1327 795 1397; baseline 0 -14"><span class='ocrx_word' id='word_1_103' title='bbox 68 1330 233 1384; x_wconf 78' lang='lat' dir='ltr'><strong>conturbare</strong></span> <span class='ocrx_word' id='word_1_104' title='bbox 250 1329 367 1382; x_wconf 82' lang='lat' dir='ltr'><strong>animum</strong></span> <span class='ocrx_word' id='word_1_105' title='bbox 385 1327 524 1381; x_wconf 83' lang='lat' dir='ltr'><strong>consucvit</strong></span> <span class='ocrx_word' id='word_1_106' title='bbox 543 1344 656 1397; x_wconf 86' lang='lat' dir='ltr'><strong>corpore</strong></span> <span class='ocrx_word' id='word_1_107' title='bbox 674 1329 701 1383; x_wconf 92' lang='lat' dir='ltr'><strong>in</strong></span> <span class='ocrx_word' id='word_1_108' title='bbox 719 1329 795 1397; x_wconf 81' lang='lat' dir='ltr'><strong>ipsol</strong></span> 
     </span>
    </p>

    <p class='ocr_par' dir='ltr' id='par_1_11' title="bbox 68 1400 922 1625">
     <span class='ocr_line' id='line_1_18' title="bbox 68 1400 814 1475; baseline 0.001 -17"><span class='ocrx_word' id='word_1_109' title='bbox 68 1410 99 1459; x_wconf 89' lang='lat' dir='ltr'><strong>at</strong></span> <span class='ocrx_word' id='word_1_110' title='bbox 115 1400 302 1475; x_wconf 74' lang='lat' dir='ltr'><strong>quaecumque</strong></span> <span class='ocrx_word' id='word_1_111' title='bbox 321 1407 425 1473; x_wconf 89' lang='lat' dir='ltr'><strong>queunt</strong></span> <span class='ocrx_word' id='word_1_112' title='bbox 443 1403 601 1456; x_wconf 86' lang='lat' dir='ltr'><strong>conturbari</strong></span> <span class='ocrx_word' id='word_1_113' title='bbox 618 1405 699 1474; x_wconf 89' lang='lat' dir='ltr'><strong>inquo</strong></span> <span class='ocrx_word' id='word_1_114' title='bbox 716 1405 814 1474; x_wconf 76' lang='lat' dir='ltr'><strong>podiri,</strong></span> 
     </span>
     <span class='ocr_line' id='line_1_19' title="bbox 68 1479 922 1549; baseline -0.001 -15"><span class='ocrx_word' id='word_1_115' title='bbox 68 1481 229 1549; x_wconf 84' lang='lat' dir='ltr'><strong>significant,</strong></span> <span class='ocrx_word' id='word_1_116' title='bbox 246 1481 327 1549; x_wconf 85' lang='lat' dir='ltr'><strong>paulo</strong></span> <span class='ocrx_word' id='word_1_117' title='bbox 345 1481 368 1533; x_wconf 91' lang='lat' dir='ltr'><strong>si</strong></span> <span class='ocrx_word' id='word_1_118' title='bbox 386 1479 480 1533; x_wconf 87' lang='lat' dir='ltr'><strong>durior</strong></span> <span class='ocrx_word' id='word_1_119' title='bbox 498 1479 641 1535; x_wconf 88' lang='lat' dir='ltr'><strong>insinuarit</strong></span> <span class='ocrx_word' id='word_1_120' title='bbox 881 1495 922 1533; x_wconf 75' lang='lat' dir='ltr'><strong>ass</strong></span> 
     </span>
     <span class='ocr_line' id='line_1_20' title="bbox 68 1556 739 1625; baseline 0.001 -15"><span class='ocrx_word' id='word_1_121' title='bbox 68 1573 156 1624; x_wconf 65' lang='lat' dir='ltr'><strong>musa</strong></span> <span class='ocrx_word' id='word_1_122' title='bbox 174 1558 282 1610; x_wconf 80' lang='lat' dir='ltr'><strong>forent</strong></span> <span class='ocrx_word' id='word_1_123' title='bbox 300 1559 414 1625; x_wconf 87' lang='lat' dir='ltr'><strong>pereant</strong></span> <span class='ocrx_word' id='word_1_124' title='bbox 432 1572 498 1608; x_wconf 83' lang='lat' dir='ltr'><strong>novo</strong></span> <span class='ocrx_word' id='word_1_125' title='bbox 516 1556 622 1622; x_wconf 79' lang='lat' dir='ltr'><strong>private</strong></span> <span class='ocrx_word' id='word_1_126' title='bbox 638 1557 739 1612; x_wconf 88' lang='lat' dir='ltr'><strong>futuro.</strong></span> 
     </span>
    </p>

    <p class='ocr_par' dir='ltr' id='par_1_12' title="bbox 70 1631 726 1701">
     <span class='ocr_line' id='line_1_21' title="bbox 70 1631 726 1701; baseline 0.003 -16"><span class='ocrx_word' id='word_1_127' title='bbox 70 1633 136 1701; x_wconf 91' lang='lat' dir='ltr'><strong>quin</strong></span> <span class='ocrx_word' id='word_1_128' title='bbox 154 1633 238 1686; x_wconf 82' lang='lat' dir='ltr'><strong>etiam</strong></span> <span class='ocrx_word' id='word_1_129' title='bbox 256 1632 348 1686; x_wconf 87' lang='lat' dir='ltr'><strong>subito</strong></span> <span class='ocrx_word' id='word_1_130' title='bbox 366 1631 393 1684; x_wconf 83' lang='lat' dir='ltr'><strong>vi</strong></span> <span class='ocrx_word' id='word_1_131' title='bbox 410 1631 498 1684; x_wconf 84' lang='lat' dir='ltr'><strong>morbi</strong></span> <span class='ocrx_word' id='word_1_132' title='bbox 517 1648 598 1700; x_wconf 81' lang='lat' dir='ltr'><strong>scope</strong></span> <span class='ocrx_word' id='word_1_133' title='bbox 615 1636 726 1687; x_wconf 87' lang='lat' dir='ltr'><strong>coactus</strong></span> 
     </span>
    </p>

    <p class='ocr_par' dir='ltr' id='par_1_13' title="bbox 36 1708 762 1776">
     <span class='ocr_line' id='line_1_22' title="bbox 36 1708 762 1776; baseline 0.003 -15"><span class='ocrx_word' id='word_1_134' title='bbox 36 1738 40 1744; x_wconf 93' lang='lat'><em>·</em></span> <span class='ocrx_word' id='word_1_135' title='bbox 68 1711 134 1762; x_wconf 87' lang='lat' dir='ltr'><strong>ante</strong></span> <span class='ocrx_word' id='word_1_136' title='bbox 152 1708 244 1762; x_wconf 88' lang='lat' dir='ltr'><strong>oculos</strong></span> <span class='ocrx_word' id='word_1_137' title='bbox 262 1708 360 1776; x_wconf 89' lang='lat' dir='ltr'><strong>nliquis</strong></span> <span class='ocrx_word' id='word_1_138' title='bbox 377 1709 493 1775; x_wconf 86' lang='lat' dir='ltr'><strong>nostros,</strong></span> <span class='ocrx_word' id='word_1_139' title='bbox 512 1710 544 1762; x_wconf 85' lang='lat' dir='ltr'><strong>ut</strong></span> <span class='ocrx_word' id='word_1_140' title='bbox 562 1708 682 1762; x_wconf 83' lang='lat' dir='ltr'><strong>fulminis</strong></span> <span class='ocrx_word' id='word_1_141' title='bbox 698 1711 762 1775; x_wconf 88' lang='lat' dir='ltr'><strong>ictu,</strong></span> 
     </span>
    </p>

    <p class='ocr_par' dir='ltr' id='par_1_14' title="bbox 67 1782 922 2005">
     <span class='ocr_line' id='line_1_23' title="bbox 69 1782 838 1875; baseline 0.005 -39"><span class='ocrx_word' id='word_1_142' title='bbox 69 1784 188 1838; x_wconf 83' lang='lat' dir='ltr'><strong>concidit</strong></span> <span class='ocrx_word' id='word_1_143' title='bbox 206 1789 235 1837; x_wconf 90' lang='lat' dir='ltr'><strong>et</strong></span> <span class='ocrx_word' id='word_1_144' title='bbox 253 1800 362 1859; x_wconf 58' lang='lat' dir='ltr'><strong>spumas</strong></span> <span class='ocrx_word' id='word_1_145' title='bbox 379 1783 445 1850; x_wconf 86' lang='lat' dir='ltr'><strong>agit,</strong></span> <span class='ocrx_word' id='word_1_146' title='bbox 464 1782 579 1851; x_wconf 65' lang='lat' dir='ltr'><strong>ingemit</strong></span> <span class='ocrx_word' id='word_1_147' title='bbox 595 1788 625 1838; x_wconf 90' lang='lat' dir='ltr'><strong>ct</strong></span> <span class='ocrx_word' id='word_1_148' title='bbox 642 1785 737 1875; x_wconf 60' lang='lat' dir='ltr'><strong>tremit</strong></span> <span class='ocrx_word' id='word_1_149' title='bbox 753 1786 838 1852; x_wconf 86' lang='lat' dir='ltr'><strong>artus,</strong></span> 
     </span>
     <span class='ocr_line' id='line_1_24' title="bbox 69 1849 922 1942; baseline 0.005 -30"><span class='ocrx_word' id='word_1_150' title='bbox 69 1849 176 1942; x_wconf 42' lang='lat' dir='ltr'><strong>des-mit,</strong></span> <span class='ocrx_word' id='word_1_151' title='bbox 196 1864 321 1915; x_wconf 81' lang='lat' dir='ltr'><strong>extentat</strong></span> <span class='ocrx_word' id='word_1_152' title='bbox 338 1876 443 1927; x_wconf 84' lang='lat' dir='ltr'><strong>nervos,</strong></span> <span class='ocrx_word' id='word_1_153' title='bbox 462 1862 614 1927; x_wconf 80' lang='lat' dir='ltr'><strong>torquetur,</strong></span> <span class='ocrx_word' id='word_1_154' title='bbox 631 1860 742 1915; x_wconf 86' lang='lat' dir='ltr'><strong>anhelat</strong></span> <span class='ocrx_word' id='word_1_155' title='bbox 883 1875 922 1915; x_wconf 69' lang='lat' dir='ltr'><strong>usu</strong></span> 
     </span>
     <span class='ocr_line' id='line_1_25' title="bbox 67 1934 766 2005; baseline 0.004 -17"><span class='ocrx_word' id='word_1_156' title='bbox 67 1937 262 2003; x_wconf 82' lang='lat' dir='ltr'><strong>inconstanter,</strong></span> <span class='ocrx_word' id='word_1_157' title='bbox 281 1939 310 1990; x_wconf 87' lang='lat' dir='ltr'><strong>ct</strong></span> <span class='ocrx_word' id='word_1_158' title='bbox 328 1936 356 1989; x_wconf 89' lang='lat' dir='ltr'><strong>iu</strong></span> <span class='ocrx_word' id='word_1_159' title='bbox 373 1934 501 1988; x_wconf 83' lang='lat' dir='ltr'><strong>iactando</strong></span> <span class='ocrx_word' id='word_1_160' title='bbox 520 1935 642 1989; x_wconf 85' lang='lat' dir='ltr'><strong>membra</strong></span> <span class='ocrx_word' id='word_1_161' title='bbox 660 1937 766 2005; x_wconf 84' lang='lat' dir='ltr'><strong>fatigat.</strong></span> 
     </span>
    </p>

    <p class='ocr_par' dir='ltr' id='par_1_15' title="bbox 68 2010 753 2081">
     <span class='ocr_line' id='line_1_26' title="bbox 68 2010 753 2081; baseline 0.003 -16"><span class='ocrx_word' id='word_1_162' title='bbox 68 2012 196 2066; x_wconf 91' lang='lat' dir='ltr'><strong>nimirum</strong></span> <span class='ocrx_word' id='word_1_163' title='bbox 214 2013 277 2081; x_wconf 86' lang='lat' dir='ltr'><strong>quia</strong></span> <span class='ocrx_word' id='word_1_164' title='bbox 295 2012 335 2066; x_wconf 85' lang='lat' dir='ltr'><strong>vis</strong></span> <span class='ocrx_word' id='word_1_165' title='bbox 353 2011 441 2065; x_wconf 88' lang='lat' dir='ltr'><strong>morbi</strong></span> <span class='ocrx_word' id='word_1_166' title='bbox 459 2010 593 2065; x_wconf 78' lang='lat' dir='ltr'><strong>distractu</strong></span> <span class='ocrx_word' id='word_1_167' title='bbox 610 2028 660 2081; x_wconf 85' lang='lat' dir='ltr'><strong>por</strong></span> <span class='ocrx_word' id='word_1_168' title='bbox 676 2018 753 2067; x_wconf 86' lang='lat' dir='ltr'><strong>artus</strong></span> 
     </span>
    </p>

    <p class='ocr_par' dir='ltr' id='par_1_16' title="bbox 69 2088 921 2220">
     <span class='ocr_line' id='line_1_27' title="bbox 69 2088 921 2158; baseline -0.001 -16"><span class='ocrx_word' id='word_1_169' title='bbox 69 2088 173 2157; x_wconf 90' lang='lat' dir='ltr'><strong>turbat,</strong></span> <span class='ocrx_word' id='word_1_170' title='bbox 192 2106 276 2157; x_wconf 86' lang='lat' dir='ltr'><strong>agens</strong></span> <span class='ocrx_word' id='word_1_171' title='bbox 294 2089 412 2142; x_wconf 83' lang='lat' dir='ltr'><strong>animam</strong></span> <span class='ocrx_word' id='word_1_172' title='bbox 432 2093 549 2157; x_wconf 76' lang='lat' dir='ltr'><strong>spumat,</strong></span> <span class='ocrx_word' id='word_1_173' title='bbox 569 2090 648 2157; x_wconf 88' lang='lat' dir='ltr'><strong>quasi</strong></span> <span class='ocrx_word' id='word_1_174' title='bbox 665 2091 694 2142; x_wconf 88' lang='lat' dir='ltr'><strong>in</strong></span> <span class='ocrx_word' id='word_1_175' title='bbox 712 2105 831 2158; x_wconf 78' lang='lat' dir='ltr'><strong>aequore</strong></span> <span class='ocrx_word' id='word_1_176' title='bbox 848 2088 921 2141; x_wconf 87' lang='lat' dir='ltr'><strong>snlso</strong></span> 
     </span>
     <span class='ocr_line' id='line_1_28' title="bbox 69 2163 736 2220; baseline 0.003 -2"><span class='ocrx_word' id='word_1_177' title='bbox 69 2169 212 2219; x_wconf 86' lang='lat' dir='ltr'><strong>ventorum</strong></span> <span class='ocrx_word' id='word_1_178' title='bbox 231 2165 327 2218; x_wconf 85' lang='lat' dir='ltr'><strong>validis</strong></span> <span class='ocrx_word' id='word_1_179' title='bbox 345 2164 502 2217; x_wconf 83' lang='lat' dir='ltr'><strong>fervescunt</strong></span> <span class='ocrx_word' id='word_1_180' title='bbox 518 2163 623 2218; x_wconf 79' lang='lat' dir='ltr'><strong>viribus</strong></span> <span class='ocrx_word' id='word_1_181' title='bbox 640 2166 736 2220; x_wconf 86' lang='lat' dir='ltr'><strong>undae.</strong></span> 
     </span>
    </p>

    <p class='ocr_par' dir='ltr' id='par_1_17' title="bbox 68 2239 921 2383">
     <span class='ocr_line' id='line_1_29' title="bbox 68 2239 921 2313; baseline -0.004 -18"><span class='ocrx_word' id='word_1_182' title='bbox 68 2242 231 2313; x_wconf 73' lang='lat' dir='ltr'><strong>exprimitur</strong></span> <span class='ocrx_word' id='word_1_183' title='bbox 248 2257 330 2310; x_wconf 87' lang='lat' dir='ltr'><strong>porro</strong></span> <span class='ocrx_word' id='word_1_184' title='bbox 348 2239 475 2308; x_wconf 84' lang='lat' dir='ltr'><strong>gemitus,</strong></span> <span class='ocrx_word' id='word_1_185' title='bbox 495 2240 559 2309; x_wconf 84' lang='lat' dir='ltr'><strong>quia</strong></span> <span class='ocrx_word' id='word_1_186' title='bbox 576 2242 698 2296; x_wconf 80' lang='lat' dir='ltr'><strong>membra</strong></span> <span class='ocrx_word' id='word_1_187' title='bbox 715 2241 810 2296; x_wconf 90' lang='lat' dir='ltr'><strong>doloro</strong></span> <span class='ocrx_word' id='word_1_188' title='bbox 884 2252 921 2292; x_wconf 76' lang='lat' dir='ltr'><strong>rac</strong></span> 
     </span>
     <span class='ocr_line' id='line_1_30' title="bbox 69 2316 713 2383; baseline 0.005 -14"><span class='ocrx_word' id='word_1_189' title='bbox 69 2316 235 2371; x_wconf 86' lang='lat' dir='ltr'><strong>adliciuntur</strong></span> <span class='ocrx_word' id='word_1_190' title='bbox 252 2321 282 2371; x_wconf 92' lang='lat' dir='ltr'><strong>ot</strong></span> <span class='ocrx_word' id='word_1_191' title='bbox 300 2316 410 2369; x_wconf 88' lang='lat' dir='ltr'><strong>omnino</strong></span> <span class='ocrx_word' id='word_1_192' title='bbox 429 2316 502 2383; x_wconf 88' lang='lat' dir='ltr'><strong>quod</strong></span> <span class='ocrx_word' id='word_1_193' title='bbox 521 2317 713 2372; x_wconf 67' lang='lat' dir='ltr'><strong>seminatricis</strong></span> 
     </span>
    </p>

    <p class='ocr_par' dir='ltr' id='par_1_18' title="bbox 69 2391 725 2460">
     <span class='ocr_line' id='line_1_31' title="bbox 69 2391 725 2460; baseline 0.005 -14"><span class='ocrx_word' id='word_1_194' title='bbox 69 2392 207 2446; x_wconf 88' lang='lat' dir='ltr'><strong>eiciuntur</strong></span> <span class='ocrx_word' id='word_1_195' title='bbox 225 2397 254 2445; x_wconf 86' lang='lat' dir='ltr'><strong>et</strong></span> <span class='ocrx_word' id='word_1_196' title='bbox 272 2408 319 2446; x_wconf 90' lang='lat' dir='ltr'><strong>ore</strong></span> <span class='ocrx_word' id='word_1_197' title='bbox 337 2391 410 2445; x_wconf 81' lang='lat' dir='ltr'><strong>foras</strong></span> <span class='ocrx_word' id='word_1_198' title='bbox 428 2391 582 2460; x_wconf 81' lang='lat' dir='ltr'><strong>glomerata</strong></span> <span class='ocrx_word' id='word_1_199' title='bbox 599 2394 725 2449; x_wconf 81' lang='lat' dir='ltr'><strong>feruutur</strong></span> 
     </span>
    </p>

    <p class='ocr_par' dir='ltr' id='par_1_19' title="bbox 69 2468 735 2538">
     <span class='ocr_line' id='line_1_32' title="bbox 69 2468 735 2538; baseline 0 -16"><span class='ocrx_word' id='word_1_200' title='bbox 69 2486 123 2537; x_wconf 84' lang='lat' dir='ltr'><strong>qua</strong></span> <span class='ocrx_word' id='word_1_201' title='bbox 141 2468 219 2538; x_wconf 88' lang='lat' dir='ltr'><strong>qnasi</strong></span> <span class='ocrx_word' id='word_1_202' title='bbox 237 2471 404 2522; x_wconf 88' lang='lat' dir='ltr'><strong>consuerunt</strong></span> <span class='ocrx_word' id='word_1_203' title='bbox 421 2470 450 2521; x_wconf 86' lang='lat' dir='ltr'><strong>ct</strong></span> <span class='ocrx_word' id='word_1_204' title='bbox 470 2471 534 2521; x_wconf 88' lang='lat' dir='ltr'><strong>sunt</strong></span> <span class='ocrx_word' id='word_1_205' title='bbox 552 2469 658 2524; x_wconf 86' lang='lat' dir='ltr'><strong>munita</strong></span> <span class='ocrx_word' id='word_1_206' title='bbox 674 2469 735 2524; x_wconf 86' lang='lat' dir='ltr'><strong>viai.</strong></span> 
     </span>
    </p>

    <p class='ocr_par' dir='ltr' id='par_1_20' title="bbox 68 2543 947 2915">
     <span class='ocr_line' id='line_1_33' title="bbox 69 2543 748 2615; baseline 0.004 -18"><span class='ocrx_word' id='word_1_207' title='bbox 69 2545 232 2614; x_wconf 83' lang='lat' dir='ltr'><strong>desipientia</strong></span> <span class='ocrx_word' id='word_1_208' title='bbox 249 2544 287 2609; x_wconf 84' lang='lat' dir='ltr'><strong>lit,</strong></span> <span class='ocrx_word' id='word_1_209' title='bbox 306 2544 370 2615; x_wconf 86' lang='lat' dir='ltr'><strong>qnia</strong></span> <span class='ocrx_word' id='word_1_210' title='bbox 387 2544 427 2598; x_wconf 88' lang='lat' dir='ltr'><strong>vis</strong></span> <span class='ocrx_word' id='word_1_211' title='bbox 446 2543 529 2596; x_wconf 87' lang='lat' dir='ltr'><strong>animi</strong></span> <span class='ocrx_word' id='word_1_212' title='bbox 547 2548 631 2612; x_wconf 86' lang='lat' dir='ltr'><strong>atquo</strong></span> <span class='ocrx_word' id='word_1_213' title='bbox 648 2545 748 2600; x_wconf 78' lang='lat' dir='ltr'><strong>animai</strong></span> 
     </span>
     <span class='ocr_line' id='line_1_34' title="bbox 70 2611 921 2687; baseline -0.005 -11"><span class='ocrx_word' id='word_1_214' title='bbox 70 2611 250 2676; x_wconf 82' lang='lat' dir='ltr'><strong>conturbatur</strong></span> <span class='ocrx_word' id='word_1_215' title='bbox 268 2624 304 2687; x_wconf 87' lang='lat' dir='ltr'><strong>ct,</strong></span> <span class='ocrx_word' id='word_1_216' title='bbox 322 2622 354 2672; x_wconf 89' lang='lat' dir='ltr'><strong>ut</strong></span> <span class='ocrx_word' id='word_1_217' title='bbox 372 2618 459 2686; x_wconf 86' lang='lat' dir='ltr'><strong>docui,</strong></span> <span class='ocrx_word' id='word_1_218' title='bbox 478 2619 565 2673; x_wconf 85' lang='lat' dir='ltr'><strong>divisa</strong></span> <span class='ocrx_word' id='word_1_219' title='bbox 583 2636 704 2677; x_wconf 87' lang='lat' dir='ltr'><strong>seorsum</strong></span> <span class='ocrx_word' id='word_1_220' title='bbox 883 2632 921 2672; x_wconf 81' lang='lat' dir='ltr'><strong>tou</strong></span> 
     </span>
     <span class='ocr_line' id='line_1_35' title="bbox 70 2695 947 2751; baseline 0 -2"><span class='ocrx_word' id='word_1_221' title='bbox 70 2696 231 2751; x_wconf 86' lang='lat' dir='ltr'><strong>disiectatur</strong></span> <span class='ocrx_word' id='word_1_222' title='bbox 249 2696 346 2750; x_wconf 86' lang='lat' dir='ltr'><strong>codem</strong></span> <span class='ocrx_word' id='word_1_223' title='bbox 364 2695 411 2749; x_wconf 92' lang='lat' dir='ltr'><strong>illo</strong></span> <span class='ocrx_word' id='word_1_224' title='bbox 429 2696 562 2750; x_wconf 82' lang='lat' dir='ltr'><strong>distracta</strong></span> <span class='ocrx_word' id='word_1_225' title='bbox 579 2712 689 2750; x_wconf 84' lang='lat' dir='ltr'><strong>veneno.</strong></span> <span class='ocrx_word' id='word_1_226' title='bbox 895 2704 898 2713; x_wconf 91' lang='grc'><strong>’</strong></span> <span class='ocrx_word' id='word_1_227' title='bbox 943 2708 947 2719; x_wconf 89' lang='grc'><strong>’</strong></span> 
     </span>
     <span class='ocr_line' id='line_1_36' title="bbox 68 2766 941 2845; baseline 0 -20"><span class='ocrx_word' id='word_1_228' title='bbox 68 2774 133 2827; x_wconf 86' lang='lat' dir='ltr'><strong>inde</strong></span> <span class='ocrx_word' id='word_1_229' title='bbox 150 2772 198 2826; x_wconf 93' lang='lat' dir='ltr'><strong>ubi</strong></span> <span class='ocrx_word' id='word_1_230' title='bbox 216 2774 269 2826; x_wconf 85' lang='lat' dir='ltr'><strong>inm</strong></span> <span class='ocrx_word' id='word_1_231' title='bbox 288 2772 376 2825; x_wconf 88' lang='lat' dir='ltr'><strong>morbi</strong></span> <span class='ocrx_word' id='word_1_232' title='bbox 393 2772 502 2845; x_wconf 76' lang='lat' dir='ltr'><strong>reflexit</strong></span> <span class='ocrx_word' id='word_1_233' title='bbox 520 2790 602 2826; x_wconf 79' lang='lat' dir='ltr'><strong>carisa</strong></span> <span class='ocrx_word' id='word_1_234' title='bbox 618 2773 746 2842; x_wconf 83' lang='lat' dir='ltr'><strong>reditque</strong></span> <span class='ocrx_word' id='word_1_235' title='bbox 776 2768 816 2825; x_wconf 62' lang='lat' dir='ltr'><strong>J*</strong></span> <span class='ocrx_word' id='word_1_236' title='bbox 875 2770 882 2789; x_wconf 89' lang='lat'><em>&#39;</em></span> <span class='ocrx_word' id='word_1_237' title='bbox 913 2766 941 2801; x_wconf 68' lang='lat'><strong>&#39;¹¹</strong></span> 
     </span>
     <span class='ocr_line' id='line_1_37' title="bbox 69 2846 796 2915; baseline 0.004 -18"><span class='ocrx_word' id='word_1_238' title='bbox 69 2849 97 2897; x_wconf 91' lang='lat' dir='ltr'><strong>in</strong></span> <span class='ocrx_word' id='word_1_239' title='bbox 115 2847 235 2899; x_wconf 78' lang='lat' dir='ltr'><strong>latebras</strong></span> <span class='ocrx_word' id='word_1_240' title='bbox 252 2864 315 2900; x_wconf 89' lang='lat' dir='ltr'><strong>acor</strong></span> <span class='ocrx_word' id='word_1_241' title='bbox 333 2849 453 2915; x_wconf 84' lang='lat' dir='ltr'><strong>corrupti</strong></span> <span class='ocrx_word' id='word_1_242' title='bbox 472 2848 592 2914; x_wconf 84' lang='lat' dir='ltr'><strong>corporis</strong></span> <span class='ocrx_word' id='word_1_243' title='bbox 610 2864 695 2915; x_wconf 87' lang='lat' dir='ltr'><strong>umor,</strong></span> <span class='ocrx_word' id='word_1_244' title='bbox 793 2846 796 2861; x_wconf 81' lang='lat'><em>&#39;</em></span> 
     </span>
    </p>

    <p class='ocr_par' dir='ltr' id='par_1_21' title="bbox 27 2921 922 3142">
     <span class='ocr_line' id='line_1_38' title="bbox 70 2921 831 2989; baseline 0.012 -20"><span class='ocrx_word' id='word_1_245' title='bbox 70 2922 129 2970; x_wconf 88' lang='lat' dir='ltr'><strong>tum</strong></span> <span class='ocrx_word' id='word_1_246' title='bbox 147 2921 225 2984; x_wconf 85' lang='lat' dir='ltr'><strong>quasi</strong></span> <span class='ocrx_word' id='word_1_247' title='bbox 243 2921 385 2974; x_wconf 83' lang='lat' dir='ltr'><strong>vaccillans</strong></span> <span class='ocrx_word' id='word_1_248' title='bbox 403 2923 520 2988; x_wconf 83' lang='lat' dir='ltr'><strong>primum</strong></span> <span class='ocrx_word' id='word_1_249' title='bbox 540 2923 680 2989; x_wconf 85' lang='lat' dir='ltr'><strong>consurgit</strong></span> <span class='ocrx_word' id='word_1_250' title='bbox 697 2926 727 2976; x_wconf 90' lang='lat' dir='ltr'><strong>et</strong></span> <span class='ocrx_word' id='word_1_251' title='bbox 743 2922 831 2978; x_wconf 83' lang='lat' dir='ltr'><strong>omnis</strong></span> 
     </span>
     <span class='ocr_line' id='line_1_39' title="bbox 70 2991 922 3066; baseline 0.014 -25"><span class='ocrx_word' id='word_1_252' title='bbox 70 2991 200 3055; x_wconf 74' lang='lat' dir='ltr'><strong>pausum</strong></span> <span class='ocrx_word' id='word_1_253' title='bbox 217 2993 291 3045; x_wconf 89' lang='lat' dir='ltr'><strong>rodit</strong></span> <span class='ocrx_word' id='word_1_254' title='bbox 308 2995 336 3045; x_wconf 91' lang='lat' dir='ltr'><strong>in</strong></span> <span class='ocrx_word' id='word_1_255' title='bbox 355 3012 449 3049; x_wconf 86' lang='lat' dir='ltr'><strong>sensus</strong></span> <span class='ocrx_word' id='word_1_256' title='bbox 467 2999 639 3064; x_wconf 79' lang='lat' dir='ltr'><strong>animamque</strong></span> <span class='ocrx_word' id='word_1_257' title='bbox 656 3002 786 3066; x_wconf 81' lang='lat' dir='ltr'><strong>receptat</strong></span> <span class='ocrx_word' id='word_1_258' title='bbox 884 3013 922 3053; x_wconf 78' lang='lat' dir='ltr'><strong>tou</strong></span> 
     </span>
     <span class='ocr_line' id='line_1_40' title="bbox 27 3062 778 3142; baseline 0.011 -25"><span class='ocrx_word' id='word_1_259' title='bbox 27 3110 40 3127; x_wconf 71' lang='grc'><strong>.,</strong></span> <span class='ocrx_word' id='word_1_260' title='bbox 70 3062 137 3114; x_wconf 86' lang='lat' dir='ltr'><strong>haec</strong></span> <span class='ocrx_word' id='word_1_261' title='bbox 153 3062 239 3140; x_wconf 78' lang='lat' dir='ltr'><strong>igitur</strong></span> <span class='ocrx_word' id='word_1_262' title='bbox 254 3068 340 3118; x_wconf 86' lang='lat' dir='ltr'><strong>tantis</strong></span> <span class='ocrx_word' id='word_1_263' title='bbox 357 3067 404 3120; x_wconf 89' lang='lat' dir='ltr'><strong>ubi</strong></span> <span class='ocrx_word' id='word_1_264' title='bbox 421 3071 524 3124; x_wconf 86' lang='lat' dir='ltr'><strong>morbis</strong></span> <span class='ocrx_word' id='word_1_265' title='bbox 541 3087 654 3138; x_wconf 86' lang='lat' dir='ltr'><strong>corpore</strong></span> <span class='ocrx_word' id='word_1_266' title='bbox 671 3073 699 3125; x_wconf 88' lang='lat' dir='ltr'><strong>in</strong></span> <span class='ocrx_word' id='word_1_267' title='bbox 718 3074 778 3142; x_wconf 85' lang='lat' dir='ltr'><strong>ipso</strong></span> 
     </span>
    </p>

    <p class='ocr_par' dir='ltr' id='par_1_22' title="bbox 70 3134 787 3216">
     <span class='ocr_line' id='line_1_41' title="bbox 70 3134 787 3216; baseline 0.025 -33"><span class='ocrx_word' id='word_1_268' title='bbox 70 3134 207 3185; x_wconf 83' lang='lat' dir='ltr'><strong>iactentur·</strong></span> <span class='ocrx_word' id='word_1_269' title='bbox 223 3136 381 3204; x_wconf 87' lang='lat' dir='ltr'><strong>miserisque</strong></span> <span class='ocrx_word' id='word_1_270' title='bbox 399 3142 487 3196; x_wconf 86' lang='lat' dir='ltr'><strong>modis</strong></span> <span class='ocrx_word' id='word_1_271' title='bbox 505 3144 637 3198; x_wconf 83' lang='lat' dir='ltr'><strong>distracta</strong></span> <span class='ocrx_word' id='word_1_272' title='bbox 654 3147 787 3216; x_wconf 86' lang='lat' dir='ltr'><strong>laborent,</strong></span> 
     </span>
    </p>
   </div>
   <div class='ocr_carea' id='block_1_3' title="bbox 0 0 1103 3398">
    <p class='ocr_par' dir='ltr' id='par_1_23' title="bbox 0 0 1103 3398">
     <span class='ocr_line' id='line_1_42' title="bbox 0 0 1103 3398; baseline 0 0"><span class='ocrx_word' id='word_1_273' title='bbox 0 0 1103 3398; x_wconf 95' lang='lat' dir='ltr'><strong> </strong></span> 
     </span>
    </p>
   </div>
  </div>
 </body>
</html>
