2190 3398
94 93 150 149 104
388 38 401 61 ⁹
481 90 554 147 IIll

90 192 184 247 umida
200 192 302 262 linguai
319 193 423 248 circum
441 191 569 247 sudantia
586 191 696 262 templa

90 273 121 324 ut
137 272 233 324 contra
248 273 374 338 pungunt
391 285 500 322 sensum
517 268 693 337 lacerantque
710 271 811 337 coorta
912 286 954 324 ou

90 349 194 415 quanto
211 362 337 416 quaeque
354 344 441 413 magis
459 348 523 400 sunt
541 344 690 414 asperitate
708 344 819 414 repleta

90 422 192 477 deinde
209 421 334 492 voluptas
352 424 396 476 est
413 438 429 476 e
446 437 512 475 suco
529 421 585 475 fine
601 420 700 490 palati3

91 514 154 552 cum
171 514 236 552 vero
254 497 382 551 deorsum
400 514 451 567 per
468 498 562 551 fauces
579 496 777 567 praecipitarit.

91 573 166 630 nulla
183 574 312 643 voluptas
327 577 378 643 ost,
396 573 462 628 dum
480 573 587 628 diditur
605 574 692 627 omnis
709 575 738 626 in
755 578 839 629 artus.
921 603 924 606 ·

90 665 142 705 uec
159 651 244 705 refert
261 650 407 718 quicquam
424 666 479 720 quo
496 651 572 706 victu
589 666 688 720 corpus
705 650 801 716 alatur,
913 660 963 708 oso-⁴

89 727 239 782 dummodo
257 728 331 797 quod
349 727 441 796 capias
459 731 620 782 concoctum
639 726 736 780 didere
754 727 844 796 possis

88 803 205 858 artubus
224 808 253 859 et
270 803 404 858 stomachi
420 802 573 857 umidulum
591 819 701 857 servare
718 807 850 857 tenorem.

125 880 152 933 N
154 897 206 935 unc
224 880 285 934 eliis
302 880 371 935 alins
389 880 437 948 qui
455 879 493 933 sit
510 878 578 933 cibu‘
598 879 687 934 suavis
706 883 735 933 et
752 879 841 933 almus

90 956 243 1026 expediam,
260 973 387 1024 quareve,
406 955 466 1010 aliis
483 956 558 1024 quod
575 956 656 1009 triste
674 960 703 1010 ct
721 958 879 1024 amarumst,

91 1032 142 1087 hoc
160 1036 253 1088 tamen
271 1050 332 1087 esse
349 1033 409 1086 aliis
426 1033 514 1102 possit
531 1032 662 1103 perdulce
679 1031 773 1100 videri,
912 1046 950 1085 osc

90 1112 222 1179 tantaque
240 1109 273 1163 in
290 1109 334 1163 his
351 1108 434 1163 rebus
452 1109 584 1162 distantia
602 1108 798 1177 differitasque,
957 1124 960 1129 ’

90 1190 123 1239 nt
140 1185 214 1255 quod
231 1185 267 1239 ali
284 1185 361 1241 cibus
378 1188 422 1239 est
440 1184 500 1238 aliis
517 1184 577 1238 fuat
594 1200 657 1239 acre
674 1198 816 1239 venenum.

90 1278 152 1316 csse
169 1263 208 1316 ita
225 1262 285 1331 quit
303 1278 423 1332 serpens,
441 1260 558 1314 hominis
575 1277 645 1329 qnae
662 1264 738 1316 tacta
754 1259 846 1315 salivis

91 1337 208 1407 disperit
225 1355 257 1394 ac
275 1356 336 1394 sese
351 1337 507 1392 mandendo
524 1338 634 1392 conficit
650 1338 717 1408 ipsa

91 1419 236 1483 praeterea
252 1415 331 1470 nobis
348 1418 486 1469 veratrum
505 1417 548 1469 est
565 1429 629 1468 acre
646 1430 787 1480 venenum,
914 1427 952 1466 oie

91 1494 121 1544 at
139 1492 229 1562 capris
246 1492 342 1563 adipes
360 1496 389 1545 et
406 1490 590 1546 coturnicibus
608 1494 698 1559 auget.

90 1570 123 1620 nt
140 1567 238 1638 quibus
254 1567 284 1622 id
301 1569 350 1622 fiat
367 1566 450 1621 rebus
468 1583 631 1635 cognoscere
647 1568 744 1636 possis,

90 1643 224 1712 principio
241 1644 397 1698 meminisse
415 1642 497 1698 decet
515 1659 584 1712 quae
602 1642 721 1697 diximus
738 1647 810 1711 anto,

94 1720 198 1773 semina
216 1720 386 1792 multimodis
403 1720 433 1773 in
451 1719 533 1774 rebus
550 1719 638 1773 mixta
654 1721 751 1774 teneri.
846 1740 849 1745 ·
928 1763 931 1767 .

92 1810 174 1863 porro
186 1811 281 1849 omncs
293 1813 480 1866 quaecumque
493 1796 583 1853 cibum
596 1796 708 1865 capiunt
719 1797 879 1865 animantes,
913 1812 951 1851 ess

90 1874 123 1924 ut
141 1875 205 1927 sunt
223 1872 368 1926 dissimiles
386 1874 557 1928 extrinsecus
574 1876 603 1928 et
620 1873 772 1940 generatim
790 1916 793 1921 ,

91 1947 195 2001 extima
213 1947 397 2002 membrorum
415 1949 638 2019 circumcaesura
649 1952 765 2016 coercet,

91 2023 208 2093 proinde
227 2027 256 2078 et
274 2023 423 2078 seminibus
442 2027 569 2079 coustant
585 2025 709 2080 vadante
726 2025 822 2092 figure

91 2100 194 2154 semim
211 2117 273 2154 cnm
291 2116 373 2170 porro
390 2100 503 2170 distent,
521 2101 632 2155 differre
649 2105 788 2157 necessest

90 2176 235 2232 intervalla
251 2176 371 2244 viasque,
389 2177 523 2231 foramina
539 2194 610 2246 quae
627 2177 809 2248 perhibemus,
913 2193 953 2234 ooo

91 2252 215 2321 cornibus
232 2252 260 2306 in
278 2253 408 2307 membris
425 2257 455 2308 ct
471 2254 501 2307 in
518 2270 566 2308 cre
583 2254 698 2325 ipsoque
714 2254 814 2325 palato.

91 2345 152 2383 csso
169 2329 274 2383 minora
291 2328 377 2397 igitur
395 2330 531 2398 quaedam
549 2331 706 2399 maioraque
724 2330 834 2394 debent,

90 2421 151 2459 csse
168 2405 305 2475 triquetra
322 2405 389 2474 aliis,
407 2405 467 2460 aliis
485 2405 620 2476 quadrato
636 2412 782 2476 necessest,
906 2452 908 2455 .

91 2480 177 2536 multa
194 2481 322 2547 rutunda,
339 2481 429 2535 modis
446 2482 539 2536 multis
556 2483 726 2552 multangula
743 2483 885 2553 quaedam.

90 2574 208 2627 namque
225 2557 374 2625 figurarum
392 2558 464 2615 ratio
480 2563 512 2613 ut
528 2563 673 2628 motusque
690 2564 845 2630 reposcunt,
913 2576 952 2616 ost

91 2634 206 2703 proinde
223 2633 399 2707 foraminibus
417 2635 522 2690 debent
539 2635 651 2690 differre
668 2636 780 2704 figurae,

90 2714 120 2764 ct
137 2711 243 2764 vadare
260 2706 320 2764 vioe
336 2709 452 2781 proinde
470 2728 502 2765 ac
519 2715 631 2766 textura
648 2717 765 2768 coercet.

92 2786 142 2838 lroc
159 2785 207 2837 nbi
225 2785 300 2852 quod
318 2802 399 2839 suave
417 2790 461 2840 cst
477 2786 539 2840 aliis
555 2787 615 2840 aliis
632 2787 665 2841 fit
682 2804 813 2855 amarum,

91 2858 137 2921 illi,
156 2859 199 2909 cui
217 2874 299 2925 suave
317 2863 368 2925 est,
385 2861 522 2915 levissima
539 2878 654 2930 corpora
672 2861 777 2918 debent

92 2929 326 2984 contractabiliter
343 2933 435 2988 caulas
451 2936 556 2990 intrare
574 2937 668 3005 palati,
913 2954 952 2995 ouo

91 3002 121 3050 at
138 3004 234 3085 contra
250 3004 348 3067 quibus
364 3011 409 3060 est
425 3009 524 3063 eadem
541 3026 587 3064 res
604 3012 680 3064 intus
697 3012 804 3079 acerba,

91 3086 189 3135 aspera
205 3075 331 3127 nimirum
350 3085 500 3144 penetrant
517 3084 682 3155 hamataque
698 3086 798 3143 fauces.

93 3157 163 3194 nunc
179 3142 260 3195 focile
276 3151 320 3199 est
336 3165 371 3200 ox
388 3152 431 3204 his
448 3157 531 3210 rebus
547 3175 710 3227 cognoscere
727 3180 860 3232 quaeque.
947 3202 951 3215 .
