2190 3398
561 94 597 150 II
966 93 1005 156 4⁷

96 215 134 249 sss
147 199 276 252 naturam
294 198 324 251 et
340 211 431 251 mores
447 197 600 266 generatim
617 210 743 268 quaeque
759 197 910 254 imitentur.

147 277 228 328 tanta
246 275 290 328 est
306 273 335 328 in
352 271 448 341 quovis
464 289 566 342 genere
583 273 686 328 herbae
701 273 827 329 materiai

149 349 292 403 dissimilis
309 350 389 418 ratio,
407 352 486 404 tanta
503 349 592 405 estin
610 349 721 404 flumine
739 366 855 419 quoque.

148 426 213 479 irinc
231 442 313 495 porro
331 426 453 493 quamvis
470 425 638 480 animantem
655 442 690 480 ex
708 425 834 480 omnibus
851 438 933 481 unam

143 504 211 556 ‘ossa
228 518 310 556 cruor
327 517 411 555 venae
429 501 502 555 calor
519 518 598 555 umor
615 502 720 557 viscera
737 501 814 556 nervi
969 517 1006 559 oro

95 598 134 631 ers
147 579 334 644 constituunt;
351 593 422 647 quac
440 580 504 631 sunt
521 594 603 647 porro
622 578 753 632 distantia
771 577 858 647 longe,

147 654 274 708 dissimili
292 652 416 724 perfecta
433 654 522 722 ligura
538 653 739 722 principiorum.

148 736 208 785 tum
226 746 308 799 porro
326 744 513 798 quaecumque
530 729 587 797 igni
604 729 743 783 flammata
759 731 925 799 cremantur,

147 806 171 860 si
189 806 228 860 nil
245 809 397 876 praeterea,
415 809 508 860 tamen
526 805 594 860 haec
610 804 639 858 in
656 821 770 874 corpore
786 805 909 861 condunt

147 882 221 935 undo
238 883 329 951 ignem
347 881 437 937 iacere
454 882 593 936 etlumen
611 881 783 936 summittere
800 881 907 950 possint
969 896 1006 938 ers

97 975 133 1008 cr
147 957 334 1026 scintillasque
351 974 434 1026 agere
452 974 485 1012 ac
502 958 558 1017 late
576 957 686 1019 differre
703 956 830 1012 favillam.

147 1037 243 1088 cetera
260 1033 392 1087 consimili
410 1034 511 1088 mentis
529 1033 635 1088 ratione
652 1049 801 1102 peragrans

146 1109 269 1165 invenies
286 1109 370 1178 igitur
387 1110 537 1164 multarum
554 1110 658 1164 semina
676 1126 768 1163 rerum
890 1127 989 1228 m

146 1203 262 1257 corpore
280 1187 369 1241 celare
386 1190 415 1241 et
433 1187 522 1241 varias
539 1185 666 1241 cohibere
684 1185 793 1254 figuras.
824 1188 884 1263 ψ

145 1262 266 1331 denique
277 1262 365 1318 multa
376 1263 453 1317 vides
465 1262 562 1331 quibus
574 1266 604 1316 et
615 1262 689 1316 color
701 1264 730 1315 et
742 1276 823 1330 sapor
834 1272 889 1314 una
959 1274 1004 1316 'uso

97 1356 130 1391 ru
146 1338 258 1392 reddita
275 1340 339 1393 sunt
356 1354 418 1394 cum
435 1338 527 1393 odore.
543 1338 572 1393 in
589 1337 673 1408 priris
690 1337 821 1407 pleraque
838 1336 910 1390 dona

146 1414 215 1468 haec
233 1414 317 1481 igitur
334 1415 417 1469 variis
434 1415 538 1469 debent
556 1417 681 1469 constare
700 1412 810 1481 liguris3

146 1490 228 1544 nidor
246 1490 319 1544 enim
336 1493 465 1560 penetrat
483 1507 538 1559 qua
555 1490 634 1544 lucus
651 1505 705 1542 non
723 1488 746 1542 it
763 1487 791 1542 in
808 1490 894 1552 arture,

145 1566 226 1620 fucus
243 1566 310 1622 item
328 1582 442 1634 sorsum,
460 1583 573 1620 sorsum
590 1582 671 1635 sapor
689 1565 842 1619 induretur

145 1642 287 1708 sensibus;
304 1645 337 1697 ut
354 1659 450 1696 noscas
467 1642 551 1711 privis
570 1641 679 1696 differre
697 1640 799 1708 liguris.
908 1674 911 1679 -
969 1654 1007 1693 oss

147 1718 294 1772 dissimiles
312 1718 396 1787 igitur
413 1717 517 1772 formae
535 1717 720 1786 glomeramen
737 1716 766 1769 in
782 1731 867 1770 unum

146 1794 313 1849 conveniunt
330 1797 360 1848 et
378 1811 422 1848 res
439 1792 578 1863 permixto
597 1793 698 1847 semine
716 1795 849 1847 constant.

146 1871 212 1939 quin
231 1870 314 1925 ctiam
331 1870 433 1940 passim
451 1870 552 1924 nostris
569 1870 597 1924 in
614 1869 737 1923 versibus
754 1868 820 1937 ipsis

146 1946 234 2000 multa
252 1946 387 2000 elementa
404 1945 481 1999 rides
499 1945 594 2000 multis
612 1945 765 2000 communia
782 1944 881 2011 verbis,

144 2037 209 2076 cum
227 2025 319 2076 tamen
337 2021 411 2076 inter
428 2039 458 2075 se
476 2038 571 2076 versus
588 2039 620 2077 ac
637 2021 721 2075 verba
738 2036 849 2075 necesse
866 2023 910 2076 est
968 2034 1006 2075 ooo

146 2097 296 2153 confiteare
313 2098 366 2152 alia
383 2115 418 2152 ex
435 2097 497 2152 aliis
513 2102 637 2152 constare
657 2097 814 2162 elementis;

147 2189 200 2226 non
218 2191 272 2243 quo
289 2175 377 2228 multa
393 2191 491 2244 parum
509 2174 659 2228 communis
676 2173 772 2228 littera
789 2177 883 2228 currat

147 2252 196 2303 aut
215 2250 289 2304 nulla
306 2250 379 2304 inter
396 2267 426 2304 se
444 2250 498 2304 duo
516 2251 572 2305 sint
589 2267 624 2304 ex
642 2249 768 2304 omnibus
787 2250 883 2317 isdem,

35 2324 38 2330 ’
147 2325 198 2379 scd
215 2326 279 2394 quia
296 2342 350 2380 non
367 2327 446 2392 volgo
464 2327 542 2396 paria
558 2326 683 2380 omnibus
699 2324 791 2379 omnia
808 2328 941 2381 constent.

146 2400 187 2454 sic
205 2401 264 2455 aliis
281 2401 309 2456 in
328 2402 409 2456 rebus
426 2403 494 2456 item
512 2403 665 2457 commrmia
683 2401 770 2456 multa
968 2416 1005 2457 ωε

147 2475 296 2531 multamm
313 2494 405 2532 rerum
423 2494 485 2532 cum
502 2478 558 2533 sint
575 2479 731 2548 primordia,
748 2494 844 2532 vertum

147 2551 273 2606 dissimili
291 2556 385 2608 tamen
402 2555 476 2608 inter
491 2570 521 2610 se
539 2555 690 2610 consistere
707 2570 815 2608 suruma

96 2638 100 2659 ’
147 2632 279 2698 possunt3
296 2633 329 2684 ut
345 2631 444 2685 merito
462 2648 497 2685 ex
514 2630 574 2685 aliis
591 2635 716 2686 constare
733 2632 838 2685 feratur

147 2702 295 2759 humanum
312 2721 399 2774 genus
417 2710 446 2762 ct
462 2707 558 2776 fruges
576 2707 743 2776 arbustaque
760 2707 840 2761 laeta.

183 2779 209 2833 N
211 2796 242 2835 ec
251 2783 344 2836 tamen
356 2782 517 2837 omnimodis
529 2785 634 2838 conecti
646 2800 726 2853 posse
738 2781 891 2852 putandum
903 2785 947 2840 est
969 2795 1005 2839 too

148 2855 247 2910 enanis.
264 2873 328 2911 nam
345 2859 425 2928 volgo
443 2859 503 2913 fieri
520 2862 650 2928 portenta
667 2859 783 2926 videres,
793 2865 805 2883 '

148 2932 291 2987 semiferas
309 2934 448 2989 hominum
466 2935 571 3005 species
590 2936 709 2989 existere
726 2938 756 2989 et
773 2934 844 2990 altos

146 3006 286 3063 interdum
304 3028 395 3066 ramos
411 3012 503 3080 egigni
521 3026 635 3079 corpore
653 3010 720 3077 vivo,

148 3085 290 3154 multaque
308 3087 414 3141 conecti
432 3086 576 3140 terrestria
593 3083 717 3137 membra
734 3082 853 3149 marinis,

148 3163 209 3217 tum
226 3161 363 3216 flammam
381 3165 471 3217 taetro
489 3159 618 3229 spirantis
635 3173 683 3211 ore
701 3156 858 3212 Chimaeras
967 3161 1004 3203 roo

1009 3312 1071 3364 A
