2138 3404
72 57 92 117 8
490 54 508 112 I

71 174 163 228 nequa
178 158 252 214 forte
270 161 363 213 amen
380 160 493 233 coeptgs
510 156 637 213 diffidere
647 158 745 228 dietis,

73 234 150 304 quod
166 237 306 304 nequeunt
324 232 409 288 oculis
426 249 519 287 rerum
537 233 688 302 primordia
704 236 789 303 cerni,

72 311 163 381 accipe
181 314 327 382 praeterea
343 326 413 378 quae
430 325 545 378 corpora
562 313 624 365 tute
641 316 780 367 necessest

72 388 220 442 confiteare
237 403 298 442 esse
314 387 343 440 in
360 385 444 440 rebus
460 402 511 441 uec
528 402 608 456 posse
626 387 724 442 rideri.
893 403 934 446 stc

72 463 299 533 principiorem
316 462 358 517 va
375 461 506 517 venemo
521 462 606 517 nera
621 467 720 532 poa„
735 432 909 543 ponz„

73 540 247 611 ingentisque
264 538 322 593 ruit
338 539 415 592 navis
432 542 462 593 et
479 538 573 595 nubila
589 539 691 608 differt,

73 615 215 671 interdum
231 614 329 683 rapido
346 630 510 683 percurrens
526 614 639 670 turbine
655 633 767 686 campos

74 691 218 746 arboribus
235 690 342 759 maguis
359 691 461 745 sternit
477 691 634 760 montisque
651 709 796 762 supremos

75 767 222 837 silvifragis
239 769 323 833 vexat
339 765 445 823 flabris:
469 768 511 821 ita
527 767 648 836 perfurit
663 769 719 824 acri
893 782 932 823 art

74 859 137 897 cum
154 840 268 896 fremitu
285 842 428 912 saevitque
444 844 543 897 minaei
560 860 702 899 murnrure
718 848 824 925 ren-ipa

75 921 139 972 snut
156 917 243 987 igitur
258 918 333 973 veriti
351 919 479 972 nimirum
497 936 611 989 corpora
627 935 709 974 mea

75 1010 147 1063 quae
163 1010 249 1063 mare,
266 1011 337 1064 quae
354 998 451 1063 terras,
469 1011 540 1063 quae
557 995 678 1066 denique
693 996 788 1051 nubila
804 996 873 1051 caeli

76 1073 190 1125 verrunt
206 1087 240 1125 ao
255 1070 348 1126 subito
364 1071 492 1126 vexantia
508 1071 619 1126 turbiue
636 1076 756 1141 raptant,

76 1162 127 1201 noc
143 1147 250 1201 ratione
267 1146 355 1202 fluunt
371 1146 427 1201 alia
442 1151 619 1218 mnagnuque
634 1151 791 1219 propagant
893 1162 934 1202 aaa

77 1226 108 1277 ot
124 1239 186 1278 cum
203 1223 294 1277 mollis
310 1239 400 1292 aquae
416 1222 505 1278 fertur
523 1227 625 1278 natura
641 1228 756 1294 repente

76 1298 188 1354 iluruine
204 1299 363 1367 abundanti,
381 1315 464 1368 quarn
481 1299 565 1368 largis
582 1299 716 1354 imbribus
732 1304 834 1369 auget

77 1375 214 1430 montibus
232 1393 267 1431 ex
284 1376 349 1430 altis
367 1392 482 1443 rrragnus
500 1376 632 1430 decursus
650 1376 731 1445 aquai

76 1451 211 1520 fragmina
228 1452 363 1519 coniciens
381 1451 510 1506 silvarum
527 1451 694 1522 arbustaque
711 1455 779 1517 tota,

77 1543 128 1582 nec
145 1527 227 1580 validi
244 1526 359 1596 possunt
376 1531 475 1595 pontes
490 1528 625 1583 venientis
640 1527 721 1596 aquai
894 1540 934 1582 aet

78 1601 133 1655 vim
151 1601 269 1656 subitam
288 1603 432 1657 tolerare:¹
445 1603 487 1658 ita
503 1620 604 1672 niagno
620 1603 750 1659 turbidus
766 1603 849 1658 imbri

78 1676 194 1731 molibus
210 1677 327 1730 incurrit
344 1678 441 1732 inlidis
459 1696 520 1734 cnm
538 1680 641 1735 viribus
659 1680 753 1734 amnis

79 1753 128 1807 dat
140 1748 238 1808 ‘sonitu
253 1770 353 1822 magno
371 1758 491 1823 stragem
509 1756 650 1825 nolintque
667 1755 720 1810 sub
736 1755 819 1810 undis

77 1829 194 1898 grandia
211 1832 402 1898 saxaernitqna
418 1848 491 1900 calna
508 1831 644 1901 quidquid
661 1831 791 1886 fluctibus
805 1832 905 1886 obstat

79 1906 220 1975 sicigitur
238 1874 342 1962 doleas
360 1907 561 1977 ventiquoque
579 1908 688 1963 flamina
704 1909 779 1972 ferri,
895 1923 934 1961 aco

80 1999 151 2051 qnae
168 1982 254 2037 relnti
271 1983 392 2037 validum
409 2000 471 2037 cnm
490 1983 590 2038 flumen
608 1984 779 2054 procubuere

80 2058 233 2129 quamlibet
249 2060 276 2114 in
294 2064 410 2129 partera,
429 2060 547 2115 trudunt
564 2078 609 2115 res
625 2066 692 2116 ante
707 2066 849 2131 ruuntque

80 2136 229 2206 impetibus
246 2136 356 2203 crebris,
373 2136 513 2191 interdum
531 2137 634 2198 vertice
651 2140 727 2191 torto

79 2212 230 2284 corripiunt
247 2212 398 2283 rapideque
416 2212 518 2267 rotanti
536 2212 648 2267 turbine
664 2216 785 2282 portant.
807 2254 818 2285 ,1

79 2307 164 2359 qnare
182 2291 264 2345 ctiam
282 2294 368 2359 atque
384 2290 469 2344 ctiam
486 2293 551 2343 suut
567 2289 643 2344 renti
661 2306 774 2358 corpora
790 2304 878 2358 areca,
896 2304 934 2344 aas

80 2365 302 2436 qnandoquidem
318 2366 400 2433 iactis
418 2369 448 2419 et
464 2364 711 2420 moribus-aemula
728 2367 836 2435 maguis

81 2442 205 2497 amnibus
222 2443 405 2508 inveniuntur,
423 2445 653 2515 apertopcomcre
669 2443 717 2511 qui
734 2446 837 2497 sunt..
875 2474 898 2511 p

80 2522 140 2574 tarn
158 2536 240 2589 porro
257 2519 344 2571 varios
361 2534 454 2572 rerum
472 2517 605 2577 sentimus
622 2518 721 2572 odores

80 2612 131 2650 nec
149 2599 241 2650 tamen
258 2593 295 2647 ad
313 2594 386 2648 naris
403 2593 537 2648 venientis
548 2594 689 2651 cernimus
705 2610 844 2663 umquam,

80 2688 131 2727 noc
148 2671 250 2726 calidos
267 2674 361 2725 aestus
378 2669 482 2724 tuimur
499 2686 550 2724 nec
567 2670 668 2738 frigam
686 2670 795 2742 quimus
896 2684 937 2729 eae

81 2763 214 2816 usurpare
231 2746 315 2801 oculis
332 2762 383 2800 nec
400 2761 479 2800 voces
496 2762 608 2800 cernere
626 2763 750 2812 sneruus3

82 2840 153 2889 qnae
169 2826 263 2875 tammr
281 2821 372 2874 omnia
388 2837 519 2888 corporea
535 2826 663 2876 constare
679 2824 819 2875 necessest

83 2900 189 2960 natura,
208 2894 336 2961 quoniam
354 2910 449 2948 sensns
465 2895 597 2964 inpellere
614 2899 735 2964 possunt.

85 2974 199 3036 tangere
216 2967 290 3021 enim
308 2972 338 3021 et
355 2970 438 3035 tangi¹
456 2970 508 3023 uisi
526 2986 633 3038 corpus,
651 2971 725 3023 nulla
741 2974 836 3040 potest
852 2984 905 3027 rcs.

86 3042 205 3111 (lenique
222 3041 377 3109 fluctifrago
393 3059 541 3110 suspensae
560 3045 588 3097 in
606 3045 687 3099 litore
704 3053 796 3100 vestes
896 3058 937 3101 'aas

86 3118 225 3181 uvescuut,
243 3114 357 3193 eaecleur
375 3115 520 3183 dispansae
537 3119 566 3169 in
584 3118 640 3171 sole
658 3125 806 3174 serescnnt
