2138 3404
100 71 137 128 16
510 65 526 121 Ι

99 171 166 241 quid
183 185 265 238 porro
282 172 428 238 nequeant,
447 167 581 221 sancitum
599 163 823 234 qnandoquidem
840 171 931 229 excit,

99 263 149 302 nec
166 247 350 301 commutatur
368 245 520 313 quicquam,
537 242 604 310 quin
621 240 713 295 omnia
729 245 858 296 constent

99 340 185 394 nsque
202 321 280 390 adeo,
298 321 389 375 variae
407 318 529 373 volucres
546 320 578 371 nt
596 317 623 370 in
641 316 737 372 ordine
754 322 871 373 cunetae

99 399 245 456 ostendant
262 397 382 452 maculas
398 394 533 463 generalis
550 409 664 462 corpore
681 395 776 461 inesse,
916 408 956 449 coo
1061 409 1062 436 ³

99 474 263 532 inmutabili'
281 471 414 527 materiae
431 486 541 540 quoque
559 486 658 539 eorpus
675 471 778 526 habore
1060 470 1061 495 l

99 552 202 608 debent
219 550 354 604 nimirum.
372 564 436 601 nam
454 547 477 601 si
494 547 644 616 primordia
660 562 752 602 rcmm

99 626 259 683 commutari
276 626 370 694 aliqua
385 623 491 693 possint
508 622 616 676 ratione
634 622 744 689 revicta

99 705 233 759 incertum
250 717 359 771 qnoque
377 700 433 753 iam
450 701 559 754 constet
577 699 646 770 quid
663 700 750 769 possit
766 699 841 766 oriri,

100 779 169 850 quid
186 781 311 847 nequeat,
330 777 408 831 finita
426 779 550 846 potestas
568 776 688 846 denique
704 777 802 844 eniqnc
917 791 958 830 aas

101 873 218 926 quanam
236 854 272 909 sit
288 854 394 908 ratione
412 858 497 923 atque
514 853 571 907 alte
589 853 723 907 terminus
739 853 863 918 haerens,

101 949 151 986 nec
168 932 270 986 totiens
287 930 392 999 possint
410 930 564 999 generatim
583 929 672 984 saecla
688 931 792 985 referre

100 1011 226 1062 naturam
243 1023 333 1060 mores
350 1006 451 1061 vietum
470 1010 616 1076 motusque
633 1011 786 1075 parentum.

136 1084 205 1138 Tum
217 1100 298 1153 porro
310 1083 436 1153 quoniam
449 1085 493 1137 est
505 1086 659 1137 extremum
671 1084 800 1153 qnodque
812 1098 945 1136 cacumen

101 1162 221 1231 corporis
239 1161 311 1215 illins
328 1159 403 1231 qnod
420 1159 507 1215 nostri
525 1177 638 1214 cernere
655 1177 750 1215 sensus
919 1173 958 1214 ooo

101 1239 156 1293 iam
173 1241 319 1309 nequeunt,
337 1237 367 1292 id
385 1237 516 1291 nimirum
533 1237 592 1290 sino
609 1237 734 1307 partibus
751 1239 830 1291 extat

102 1320 132 1370 et
149 1316 260 1370 minima
276 1318 385 1370 constat
402 1318 501 1368 natura
518 1330 568 1368 nec
585 1313 639 1367 fuit
656 1330 786 1382 nmquam

101 1409 153 1462 per
169 1410 199 1447 sc
216 1396 353 1447 secretum
371 1394 460 1460 neque
478 1390 592 1460 posthac
608 1406 669 1444 esse
686 1390 797 1456 valebit,

101 1468 214 1523 alterius
231 1469 386 1535 quoniamst
402 1468 492 1537 ipsum
509 1483 581 1536 pars,
599 1466 741 1535 primaque
759 1470 789 1520 et
805 1482 862 1520 nna

102 1545 167 1598 inde
185 1544 254 1597 aliae
271 1548 355 1612 atque
373 1543 443 1597 aliae
459 1543 562 1596 similes
579 1559 614 1596 ex
632 1541 729 1596 ordine
746 1546 839 1612 partes
921 1556 959 1596 eos

103 1620 211 1688 agmine
229 1617 366 1673 condenso
383 1622 510 1673 naturam
529 1619 649 1688 corporis
667 1620 787 1689 explent,

104 1712 174 1765 qnae
192 1694 320 1765 qnoniam
337 1711 388 1764 per
405 1711 435 1749 se
453 1700 595 1762 nequeunt
613 1699 747 1764 constare,
764 1699 906 1751 necessest

103 1772 218 1826 haerere
235 1770 309 1824 unde
327 1774 430 1839 queant
447 1771 522 1824 nulla
540 1771 645 1825 ratione
662 1771 763 1826 revelli.

104 1850 169 1901 sunt
186 1846 271 1915 igitur
288 1846 375 1901 solida
392 1846 541 1915 primordia
559 1847 734 1917 simplicitate

104 1939 174 1993 qnae
192 1922 309 1976 minimis
327 1923 430 1992 stipata
447 1922 595 1977 cohaerent
613 1923 738 1993 partibus
755 1927 823 1990 arte,
924 1938 962 1978 oro

104 2017 158 2054 non
175 2016 211 2054 ex
227 1999 335 2053 illarum
353 2002 488 2054 conventu
506 1999 655 2067 conciliata

104 2076 154 2131 sed
171 2076 257 2145 magis
276 2080 389 2131 aeterna
407 2075 537 2144 pollentia
557 2075 740 2145 simplicitate,

103 2153 177 2208 unde
194 2170 283 2223 neque
300 2152 380 2207 avelli
399 2151 545 2222 quicquam
566 2168 657 2221 neque
674 2152 795 2206 deminui
812 2152 867 2205 iam

104 2231 228 2285 concedit
244 2235 344 2284 natura
360 2245 503 2283 reservans
524 2228 629 2282 semina
645 2228 736 2283 rebus.

104 2311 248 2376 praeterea
264 2306 316 2360 nisi
334 2306 387 2360 erit
405 2303 554 2367 minimum,
573 2305 734 2374 parvissima
752 2321 877 2374 quaeque
926 2318 962 2358 on

104 2399 218 2452 corpora
234 2382 399 2436 constabunt
418 2397 453 2434 ex
472 2380 598 2450 partibus
616 2381 738 2449 infinitis,

105 2456 864 2604 tillttbtllffllapill⁸pllllllllithabili

105 2628 171 2679 ergo
188 2628 280 2666 rernm
297 2611 371 2665 inter
389 2627 523 2666 summam
542 2611 739 2680 minimamque
758 2609 825 2679 qnid
844 2611 932 2666 eacit'l

104 2689 143 2742 nil
161 2689 215 2743 erit
232 2692 264 2742 ut
282 2689 383 2755 distet;
400 2706 464 2743 nam
484 2689 609 2759 quamvis
628 2688 753 2742 funditus
771 2687 859 2740 omma
928 2701 966 2741 ono

106 2781 212 2819 summa
229 2766 266 2819 sit
283 2766 398 2830 infinita,
418 2770 519 2834 tamen,
540 2765 705 2835 parvissima
723 2781 793 2833 quac
812 2766 890 2828 sunt·

106 2855 141 2890 ex
158 2840 271 2892 infinitis
289 2841 455 2894 constabunt
474 2842 600 2909 partibus
618 2856 712 2908 aeque.

108 2912 183 2978 qnod
201 2913 328 2978 quoniam
347 2917 419 2968 ratio
437 2916 569 2970 reclamat
586 2931 653 2968 vera
670 2919 808 2982 negatque

108 2985 225 3038 credere
243 3001 323 3051 posse
340 2989 468 3054 animum,
487 2990 575 3043 victus
593 2990 699 3043 fateare
718 2994 857 3043 necessest

110 3070 173 3112 esse
191 3073 311 3125 eaquae
329 3060 411 3113 nullis
428 3062 482 3114 iam
500 3062 627 3128 praedita
644 3065 771 3130 partibus
789 3066 888 3119 extent
934 3076 971 3121 sa

6 3192 7 3199 ἵ
112 3134 143 3186 et
158 3131 271 3210 minima
287 3135 414 3184 constent
432 3138 537 3186 natura„
556 3151 627 3200 quae
645 3143 774 3203 quonlam
793 3144 866 3205 siant,
966 3152 970 3159 '
