2190 3398
108 86 147 143 80
510 86 565 142 ΠΙ

105 191 145 244 sio
163 189 245 243 animi
264 193 364 243 natura
380 189 478 258 nequit
495 190 554 244 sine
572 205 686 258 corpore
702 190 769 245 oriri

106 266 164 321 sola
184 282 275 335 nequo
292 282 310 319 a
326 266 418 319 nervis
436 270 465 320 et
484 267 615 334 sanguino
634 266 755 335 longiter
774 284 842 322 esse.

106 343 221 413 quodsi
239 346 345 412 (posset
363 343 435 397 enim
453 342 540 395 multo
558 342 643 409 prius)
661 342 720 413 ipsa
736 345 819 398 animi
836 344 878 398 vis
931 357 972 400 7oe

106 422 135 475 in
153 419 244 489 capite
260 423 309 473 out
327 420 429 472 umeris
446 421 494 472 aut
512 419 574 472 imis
591 418 710 472 calcibus
728 436 787 476 esse

107 502 201 566 posset
219 499 249 551 et
266 496 369 549 innasci
387 495 482 564 quavis
499 495 527 548 in
546 499 632 564 parte,
651 497 752 550 soleret

108 575 220 630 tandem
231 574 260 628 in
272 573 369 627 eodem
381 572 490 626 homine
501 575 587 642 alque
598 574 627 627 in
639 573 737 626 eodem
748 589 812 627 vase
823 589 945 627 manere.

108 652 182 720 qnod
200 650 327 719 quoniam
345 653 440 703 nostro
458 666 567 719 quoque
584 652 692 703 constat
709 665 823 717 corporo
841 652 952 704 certum

108 728 324 797 dispositumque
341 726 451 780 videtur
468 726 516 780 ubi
534 743 593 781 esse
611 730 641 780 ot
658 742 779 780 crescere
796 725 884 794 possit
930 741 969 781 roe

108 819 214 857 sorsum
231 803 321 856 animo
338 807 422 872 atquo
441 805 554 868 animus,
574 807 653 857 tanto
670 804 757 870 inagis
774 802 951 856 infitiandum

107 884 197 934 totum
214 895 294 947 posse
311 884 391 937 extro
407 897 506 950 corpus
524 882 625 934 durare
641 881 766 948 geniquo.

108 973 201 1025 quare,
218 972 317 1024 corpus
334 957 381 1010 ubi
399 957 514 1024 interiit,
531 957 646 1026 periisse
664 958 803 1010 necessest

108 1033 257 1087 confiteare
275 1032 393 1086 animam
412 1033 572 1087 distractam
590 1033 618 1085 in
636 1048 749 1100 corpore
766 1035 835 1086 tota.

108 1109 212 1178 quippo
229 1108 331 1163 etenim
348 1108 465 1163 mortale
482 1112 594 1163 aeterno
611 1110 726 1176 iungere
744 1111 773 1162 et
790 1124 846 1161 una
929 1122 970 1162 soo

108 1186 261 1240 consentire
278 1188 377 1254 putare
396 1168 636 1252 ot‘lungiTnutua
654 1201 735 1254 posse
915 1198 918 1202 ⁴

109 1262 269 1332 desiperest.
288 1262 355 1331 quid
373 1262 446 1315 enim
465 1261 600 1315 diversius
618 1277 679 1314 esse
696 1259 879 1330 putandumst

109 1343 157 1393 out
173 1339 261 1408 nragis
278 1340 351 1392 inter
369 1355 399 1392 se
418 1337 584 1391 disiunctum
603 1337 846 1405 discrepitansque,
949 1341 952 1345 ’

109 1432 191 1484 quam
210 1415 326 1469 mortale
344 1414 419 1484 quod
437 1416 480 1467 est
497 1414 636 1467 inmortali
654 1417 739 1482 atque
758 1413 874 1482 perenni

109 1493 231 1546 iunctum
250 1492 278 1545 in
296 1491 408 1546 concilio
427 1507 521 1544 saevas
538 1491 656 1544 tolerare
674 1490 825 1560 procellasl

110 1583 251 1616 PRAETERRA
261 1582 428 1622 QUAECUMQUE
442 1582 543 1615 unum
553 1582 667 1614 AETERNA
678 1581 809 1614 NECESSES'I'

109 1643 158 1676 AUT
168 1645 229 1683 Qum
239 1645 301 1678 SUNT
313 1645 395 1678 sobino
406 1645 458 1679 UUH
471 1645 578 1677 CURPOBE
591 1644 715 1676 simsustes
725 1643 793 1676 IUTUB
946 1675 951 1679 .

108 1705 155 1738 NEU
169 1706 310 1739 rosarum
320 1707 376 1739 PATI
385 1706 433 1739 SIBI
447 1705 576 1745 vaounar
590 1705 654 1745 QUOD
665 1704 747 1743 QUEM·
756 1704 834 1738 ARTAS
881 1746 883 1749 v

110 1755 249 1800 meditemur
262 1769 335 1802 mus
348 1769 444 1802 PARTIIS
458 1769 486 1800 ΕΤ
499 1768 610 1801 MATERIA

109 1831 217 1863 CORPORA
230 1830 292 1863 SUNT
304 1831 406 1869 QUORUM
418 1830 538 1862 NATURAM
552 1829 703 1862 OSTENDIMUS
715 1829 780 1862 ANTE

110 1892 159 1924 AUT
171 1892 227 1924 meo
238 1891 339 1925 DURABE
351 1892 462 1925 nummi
475 1891 544 1924 Possit
557 1891 603 1924 Pus
616 1891 704 1923 otidum

110 1952 243 1986 Pisonum
255 1953 316 1991 QUIA
325 1952 388 1986 SUNT
400 1952 519 1986 urnam
532 1952 601 1984 SICUT
611 1951 715 1984 msam
759 1964 763 1975 ι

110 2013 175 2052 QUOD
188 2012 273 2045 lemur
286 2013 409 2047 rariorum
419 2013 501 2052 NEQUE
510 2014 544 2046 AB
553 2012 610 2045 Iesu
623 2012 748 2046 Eunomus
761 2013 842 2047 mauri

111 2076 160 2108 AUT
172 2075 249 2108 mian
263 2076 324 2115 QUIA
336 2076 419 2110 Nonus
431 2076 484 2109 Loor
494 2076 530 2108 SIT
543 2075 615 2109 coris.
629 2075 722 2109 clncUM

111 2140 158 2178 Quo
170 2138 243 2178 QUASI
254 2138 297 2171 Ros
308 2138 402 2171 rossm‘r
414 2139 548 2171 olscunuun
558 2139 719 2178 mssoLUroun

111 2203 189 2236 sicum
199 2203 341 2236 SUMMARUM
354 2203 468 2236 SUMMAS'I'
480 2203 593 2236 AETERNA
606 2203 687 2242 NEQUE
697 2204 774 2236 exuis

111 2265 167 2304 QUIS
179 2264 253 2298 Locus
266 2265 307 2297 mr
317 2265 364 2304 QUO
374 2264 524 2297 DIFFUUIANT
533 2264 615 2304 NEQUE
628 2265 737 2300 CORPORA
750 2266 862 2306 somus

112 2326 205 2359 rosam
214 2326 330 2360 momulus
339 2327 369 2360 ΒΤ
378 2327 471 2360 VAHDA
486 2326 631 2361 DISSOLVERE
641 2329 721 2362 PLAGA

113 2382 228 2451 quodsi
247 2383 400 2439 forleideo
417 2386 505 2455 marris
522 2385 685 2439 immortalis
701 2383 863 2450 hsbendsst,
901 2414 904 2421 >
958 2420 961 2427 ·

112 2457 187 2528 quod
204 2458 331 2513 letalibus
349 2460 384 2514 ab
402 2461 486 2516 rebus
503 2461 610 2515 munita
627 2464 747 2527 tenetur,

111 2539 160 2589 aut
178 2535 245 2603 quio
260 2552 315 2589 non
332 2537 446 2592 veniunt
463 2537 573 2591 omnino
590 2536 680 2590 aliena
697 2535 795 2591 salutis

111 2615 160 2665 out
178 2611 243 2681 quia
261 2629 332 2681 quae
349 2614 462 2668 veniunt
479 2612 571 2682 aliqua
587 2613 693 2666 ratione
711 2612 846 2667 recedunt

112 2688 192 2756 pulsa
208 2688 284 2757 prius
301 2705 383 2757 quam
400 2688 469 2759 quid
484 2692 600 2743 noceant
619 2688 722 2742 sentire
740 2703 881 2757 queamus,

112 2841 223 2902 praeter
235 2839 305 2892 enim
319 2857 401 2908 quam
413 2841 489 2911 quod
500 2841 603 2895 morbis
614 2857 677 2894 oum
689 2840 811 2909 corporis
822 2842 926 2908 aegra,

112 2908 224 2961 advenit
241 2911 270 2963 id
288 2915 363 2979 quod
380 2932 441 2969 eam
459 2917 495 2969 do
514 2916 597 2969 rebus
615 2931 697 2983 saepo
714 2916 815 2969 futuris
930 2930 969 2969 ⁸2⁶

113 2986 233 3033 macerat
249 2984 333 3049 inquo
351 2992 427 3041 metu
445 2991 516 3042 malo
533 2990 618 3043 habet
636 2991 764 3058 curisque
781 2991 882 3058 fatigat

113 3055 324 3123 praeteritisque
341 3063 412 3115 male
429 3065 556 3116 admissis
573 3068 687 3132 peecata
705 3067 871 3119 remordent.

114 3125 186 3176 addo
203 3127 322 3189 furorem
340 3135 422 3188 animi
440 3140 580 3203 proprium
598 3143 683 3207 atquo
700 3140 800 3193 oblivia
816 3158 919 3209 rerum,
