2190 3398
119 179 273 248 praeterea
290 175 411 245 lapidem
429 174 515 244 digito
533 191 596 229 eum
612 174 762 246 tundimus,
779 180 870 248 ipsum
952 199 989 239 ιιι

120 252 268 322 tangimus
285 257 441 306 extremum
458 252 516 305 saxi
534 267 723 321 summumque
741 254 868 324 colorem,

121 346 175 384 nee
193 329 328 384 sentimus
346 342 409 382 eum
427 332 512 395 tactu,
529 344 624 382 verum
642 329 729 397 magis
747 329 837 399 ipsam

121 405 259 460 duritiem
277 406 388 474 penitus
406 404 464 458 saxi
482 405 615 465 sentimus
632 405 660 458 in
679 405 743 460 alto.

159 482 187 535 N
189 499 242 536 uno
260 497 319 550 nge,
337 498 388 536 eur
405 475 478 536 ultra
495 481 636 549 speculum
654 481 783 537 rideatur
800 484 891 554 imago

120 557 253 627 peroipe;
269 575 332 615 nem
351 561 428 612 certe
444 558 554 626 penitus
567 561 678 617 semota
694 558 811 615 videtur.
951 575 987 617 am

121 634 201 703 quod
218 651 306 702 genus
322 633 370 689 illa
387 633 453 687 foris
472 650 542 703 quae
560 649 624 687 vere
641 635 867 704 transpieiuntur,

120 711 207 764 ianua
225 727 287 765 eum
304 726 404 780 perse
421 713 608 779 transpectum
625 709 742 780 praebet
758 716 894 783 apertum,

121 787 214 841 multa
231 787 352 856 facitque
369 786 437 847 ioris
452 803 489 840 ex
507 784 622 840 aedibus
640 789 672 840 ut
689 787 844 843 videantur.

121 863 148 916 ie
166 879 278 931 quoque
293 863 368 919 enim
387 861 488 931 duplici
505 861 668 930 geminoque
685 862 720 917 fit
734 880 799 919 aere
816 865 898 921 visus.

121 939 230 1008 primus
248 939 321 995 euim
339 939 410 993 citra
426 943 520 1008 postes
538 941 598 992 tntu
616 939 738 994 cernitur
754 957 809 1009 aer,
948 958 984 999 ιιι

121 1014 191 1069 inde
208 1015 286 1071 iores.
299 1015 376 1084 ipsae
394 1015 493 1070 dextra
511 1014 798 1084 laevaquesecuntur,

122 1096 189 1160 post
207 1090 328 1145 extraria
345 1090 393 1145 lux
410 1091 502 1146 oeulos
520 1094 662 1160 perterget
680 1096 710 1146 et
727 1109 776 1147 aer

122 1166 197 1221 alter
214 1170 244 1220 et
259 1166 307 1224 illa
323 1167 391 1221 ioris
409 1184 480 1236 quae
497 1183 562 1221 vere
579 1168 801 1237 transpieiuntur.

122 1242 228 1297 sicubi
246 1259 277 1296 so
294 1244 412 1313 primum
424 1243 533 1312 ⁴speculi
550 1243 665 1313 proiecit
682 1244 780 1313 imago,

12 1324 13 1385 ζ
122 1319 191 1377 dum
208 1319 284 1373 venit
302 1319 339 1373 ad
355 1324 463 1373 nostras
479 1319 558 1388 aeiee,
574 1321 716 1388 protrudit
733 1322 846 1391 agitque
946 1336 983 1378 aaa

12 1420 13 1453 3
122 1412 189 1449 aera
206 1395 255 1463 qui
271 1395 392 1449 interae
409 1398 553 1463 cumquest
570 1395 717 1465 oculosque
735 1396 848 1466 loeatus,

123 1475 154 1526 et
171 1472 239 1526 facit
255 1474 288 1524 ut
304 1471 381 1541 prius
399 1471 471 1525 hune
488 1488 598 1529 omnem
616 1472 719 1527 sentire
737 1490 867 1541 queamus
977 1526 979 1531 ,

124 1565 208 1617 quarn
217 1547 363 1617 speculum
371 1547 476 1606 sedebi
484 1548 981 1619 speculumquoquesensimusipsum,

124 1626 254 1678 continuo
271 1641 288 1679 a
304 1624 408 1679 nobis'
400 1641 436 1677 m
434 1624 523 1678 idem
540 1641 611 1692 quae
628 1625 716 1683 fertur
734 1625 824 1693 imago

12 1716 14 1741 ι
121 1701 251 1770 pervenit
268 1703 298 1754 et
333 1704 422 1779 ostrea
439 1717 471 1758 oe
517 1701 651 1754 sreieeta
667 1700 763 1755 revisit
944 1716 981 1757 auo

124 1782 209 1846 atque
226 1777 309 1830 alium
376 1761 449 1845 ke
456 1794 476 1845 p
543 1777 612 1831 llens
629 1793 693 1831 aera
711 1777 796 1835 volvit

124 1857 153 1908 et
171 1854 238 1907 iacit
255 1857 288 1907 ιιι
303 1854 380 1924 prius
397 1853 469 1913 hune
487 1870 570 1923 quam
588 1870 618 1908 se
635 1853 786 1924 rideamus,
802 1871 891 1924 eoque

124 1931 229 1984 distare
246 1930 282 1985 ab
297 1930 413 1998 ιρθιιιιο
425 1932 534 1993 tantum
544 1934 658 1991 semota
674 1929 791 1986 videtur

123 2023 209 2075 quare
227 2006 310 2060 etiam
327 2009 412 2075 atque
429 2007 514 2061 etiarn
531 2006 643 2059 minime
660 2006 784 2060 mirarier
802 2009 847 2061 est
862 2023 921 2076 par,
1028 2059 1030 2062 ,

122 2082 178 2136 illio
195 2067 402 2152 quomieddaut
419 2081 591 2152 speculorum
609 2098 644 2136 ex
661 2099 780 2151 aequore
797 2082 899 2151 visum,
942 2097 980 2136 ιιι

123 2157 233 2214 aeribus
249 2158 322 2212 binis
339 2158 466 2226 quoniam
484 2175 529 2213 res
546 2158 630 2212 confit
646 2161 772 2228 utraque.
859 2206 862 2215 .

122 2251 193 2288 nuno
211 2251 244 2288 ea
260 2251 341 2307 quae
347 2235 427 2293 nobis
444 2235 640 2289 membronun
645 2233 713 2291 dext
701 2239 761 2288 tera
777 2251 842 2304 pars
857 2236 929 2304 eit

122 2312 150 2365 in
168 2310 284 2380 spedulia
301 2311 334 2365 lit
351 2311 407 2368 ut
400 2328 428 2364 ιιι
445 2311 523 2365 laeva
539 2310 665 2364 videatur
682 2327 714 2364 eo
732 2311 806 2398 quod

122 2387 264 2457 planitiem
279 2387 317 2441 ed
334 2388 436 2458 speurli
452 2388 563 2442 veniens
580 2404 641 2440 oum
659 2386 798 2445 offendit
790 2403 888 2456 imago,

123 2480 176 2517 non
194 2464 364 2519 convertitur
380 2463 527 2527 ineolumis,
546 2463 595 2517 sed
612 2466 690 2525 reeta
706 2466 858 2519 retrorsum
941 2477 977 2516 am

124 2540 161 2594 sio
178 2538 298 2607 eliditur,
314 2544 348 2593 ut
365 2539 458 2608 siquis,
477 2539 554 2609 prius
571 2539 650 2593 arida
668 2555 750 2608 quam
768 2538 804 2592 sit

124 2619 215 2686 cretea
231 2632 356 2685 persona,
373 2612 480 2671 adlidat
497 2615 603 2684 pilaeve
620 2614 734 2682 trebiae,

124 2695 207 2761 atque
223 2708 257 2745 ea
273 2693 402 2746 continuo
420 2694 523 2746 rectam
542 2691 565 2745 si
582 2691 672 2745 fronte
689 2690 806 2758 figuram
830 2757 833 2764 1

84 2791 114 2826 ιιι
125 2771 215 2822 servet
232 2770 262 2822 et
279 2768 373 2823 elisam
390 2770 466 2825 retro
486 2783 547 2821 sese
563 2767 700 2836 exprimat
717 2766 782 2835 ipsa.

124 2844 172 2898 det
189 2844 236 2912 ita,
255 2847 320 2898 ante
332 2844 431 2901 oculus
445 2843 531 2898 luerit
549 2842 596 2911 qui
614 2842 721 2910 dexter,
739 2844 770 2896 ut
789 2840 863 2897 idem
938 2855 975 2896 em

82 2940 113 2975 ιιι
125 2935 194 2974 nune
212 2920 249 2974 sit
266 2920 366 2987 laevus,
384 2924 447 2977 ete
465 2919 542 2974 laevo
561 2920 598 2973 sit
614 2920 718 2979 mutum
728 2918 832 2971 dexter.
1016 2978 1020 2985 ,

126 2995 157 3049 ιιι
162 3011 276 3084 quoque
288 2995 324 3050 de
336 2996 466 3065 speculo
458 3013 487 3051 ιιι
499 2995 640 3064 speculum
652 2998 685 3047 ut
696 2991 842 3059 tradatur
835 3007 933 3058 imago,

126 3072 243 3140 quinque
261 3071 345 3131 etiam
363 3087 442 3124 sexve
460 3076 492 3123 ut
508 3070 569 3125 lieri
586 3068 730 3122 simulacra
748 3065 859 3119 suerint.

18 3160 20 3205 :
126 3162 187 3201 nam
204 3162 393 3217 quaecumque
410 3148 486 3199 »ene
495 3147 582 3212 parte
600 3139 730 3193 interiore
747 3137 880 3199 latebunt,
965 3184 968 3187 .
