2138 3404
524 88 560 146 ΙΙ
947 91 987 147 31·

127 209 192 248 enm
211 196 304 247 tamen
321 191 395 245 iuter
412 208 442 246 se
459 193 591 262 prostrati
608 191 637 245 in
654 191 777 260 gramine
794 193 869 247 molli

127 271 244 338 propter
261 283 349 335 aquae
366 267 455 322 rivum
473 269 524 322 sub
542 269 625 323 ramis
642 267 747 321 arboris
765 268 837 322 altae
959 288 985 326 eo

127 360 183 398 non
200 343 306 412 magnis
326 342 424 410 opibus
440 345 558 399 iucunde
575 360 688 414 corpora
705 348 808 410 curent,

126 421 291 490 praesertim
310 436 371 473 cum
389 423 540 490 tempestas
557 421 670 475 adridet
687 422 716 474 et
734 422 796 474 anni

126 499 253 565 tempora
270 500 454 565 conspergunt
470 498 614 552 viridantis
632 496 745 550 floribus
762 496 870 551 herbas.

127 588 180 626 nec
196 571 301 626 calidae
319 572 400 626 citius
419 573 558 628 decedunt
576 589 689 642 corpore
706 571 803 637 febres,

126 647 271 702 textilibus
289 648 312 701 si
329 649 358 702 in
375 648 489 717 picturis
507 653 636 718 ostroque
653 647 763 703 rubenti
959 665 984 704 ss

124 723 244 791 iacteris,
263 725 388 792 quamsi
405 725 434 778 in
451 724 559 794 plebeia
575 728 652 779 ueste
670 723 824 778 cubandum
841 727 892 780 est

127 802 296 869 quapropter
313 801 440 868 quoniam
457 801 497 855 nil
513 804 607 854 nostro
625 801 654 853 in
672 816 785 869 corpore
802 817 885 869 gazae

127 875 274 944 proficiunt
291 893 380 944 neque
398 877 527 932 nobilitas
543 893 595 931 nec
611 876 697 945 glon'a
714 877 800 944 regni,

127 951 203 1020 quod
221 955 352 1020 superest
369 953 459 1007 animo
477 969 586 1023 quoqne
603 953 642 1005 nil
659 951 790 1020 prodesse
808 953 976 1022 putandum3

127 1028 151 1079 si
169 1043 223 1080 non
240 1028 311 1081 forte
329 1032 390 1081 tuas
408 1029 529 1096 legiones
546 1045 597 1097 per
613 1027 672 1082 loca
689 1028 777 1097 campi
957 1044 982 1082 so

126 1102 234 1175 fervere
252 1119 313 1156 cum
330 1103 424 1158 rideas
442 1105 507 1159 belli
524 1105 668 1159 simulacra
686 1104 791 1172 cientis,

127 1178 256 1235 subsidiis
274 1179 379 1246 magnis
397 1184 428 1234 et
444 1197 523 1235 ocum
540 1181 567 1234 ri
584 1180 777 1246 constabilitas,

35 1310 38 1315 ,
126 1258 290 1321 ornatasque
307 1255 391 1308 armis
408 1259 513 1311 statuas
531 1257 690 1325 pariterque
707 1256 848 1323 animatas,

128 1329 171 1383 his
188 1330 241 1384 tibi
259 1334 318 1384 tum
337 1331 420 1385 rebus
438 1332 595 1387 timefactae
613 1331 756 1398 religiones

127 1406 261 1473 effugiunt
279 1406 368 1460 animo
386 1408 501 1476 paride3
519 1408 671 1475 mortisque
687 1407 800 1459 timores
958 1422 983 1461 45

126 1484 187 1534 tum
205 1498 319 1535 vacuum
336 1486 432 1551 pectus
451 1483 555 1538 lincunt
573 1499 693 1551 curaque
711 1480 838 1550 solutum,

125 1556 233 1611 fervere
250 1574 311 1611 cnm
329 1558 424 1612 videas
441 1560 555 1614 classem
573 1560 683 1626 latoque
701 1557 800 1625 vagari.

127 1632 242 1702 quodsi
260 1633 373 1688 ridicula
391 1634 459 1689 haec
476 1635 650 1703 ludibriaque
669 1651 729 1688 esse
746 1632 878 1702 videmus,

126 1725 157 1762 re
175 1725 295 1778 veraque
312 1714 402 1764 metus
420 1710 559 1764 hominum
577 1727 713 1779 curaeque
731 1726 860 1779 sequacos

125 1801 177 1838 nec
194 1788 321 1840 metuunt
338 1787 443 1841 sonitus
460 1803 596 1841 armornm
614 1803 665 1840 nec
682 1787 740 1840 fera
757 1786 813 1839 tela

126 1861 313 1930 audacterque
330 1861 403 1916 inter
420 1879 500 1931 reges
517 1879 665 1932 rerumque
682 1863 802 1931 potentis
956 1879 981 1919 so

126 1940 270 1991 versantur
287 1954 377 2007 neque
395 1938 527 2006 fulgorem
545 1943 707 1993 reverentur
723 1938 758 1992 ab
775 1955 842 1992 auro

125 2029 178 2066 nec
195 2013 297 2067 clarum
316 2015 400 2071 vestis
418 2031 432 2067 s
477 2014 592 2069 ndorem
610 2015 765 2083 purpureai,

125 2089 195 2158 quid
212 2089 323 2144 dubitas
341 2090 407 2159 quin
490 2090 504 2115 ''
524 2091 560 2145 sit
578 2091 646 2145 haec
664 2091 768 2144 rationi
788 2094 928 2158 potestasi

126 2165 214 2219 omnis
231 2182 293 2219 cum
311 2166 340 2219 in
357 2166 479 2220 tenebris
496 2167 658 2235 praesertim
677 2167 733 2220 vita
751 2166 863 2222 laboret.

124 2256 189 2294 nam
205 2241 291 2295 veluti
309 2242 387 2311 pueri
405 2242 546 2312 trepidant
563 2246 645 2311 atque
662 2242 752 2295 omnia
769 2242 854 2298 caecis
956 2257 981 2296 se

124 2315 155 2370 in
173 2317 294 2371 tenebris
312 2321 445 2384 metuunt,
463 2319 502 2372 sic
520 2335 568 2372 nos
585 2318 614 2371 in
632 2318 692 2372 luce
709 2317 838 2371 timemus

124 2391 270 2461 interdum,
289 2393 345 2447 nilo
362 2410 433 2462 quae
451 2399 515 2448 sunt
531 2393 680 2448 metuenda
696 2393 783 2461 magis
802 2410 883 2460 quam

126 2483 198 2536 quae
213 2468 292 2536 pueri
310 2469 338 2522 in
356 2469 479 2524 tenebris
496 2471 622 2533 pavitant
640 2469 801 2538 finguntque
818 2470 917 2525 futura

124 2542 197 2597 hunc
213 2544 298 2612 igitur
315 2547 450 2598 terrorem
469 2546 551 2601 animi
569 2544 751 2614 tenebrasque
769 2549 908 2600 necessest

125 2634 180 2672 non
196 2619 267 2672 radii
285 2620 350 2673 solis
368 2637 459 2688 neque
477 2621 566 2675 lucida
584 2621 641 2706 lssla
659 2620 757 2682 dicit
955 2638 980 2678 oo

126 2693 283 2762 discutiant,
304 2694 353 2750 sed
370 2703 486 2755 naturae
504 2696 607 2765 species
627 2697 761 2764 ratioque.

160 2770 240 2825 Nunc
258 2788 317 2839 age,
335 2790 389 2840 quo
406 2776 484 2826 motu
500 2772 631 2840 genitalia
648 2770 774 2826 materiai

125 2861 238 2914 corpora
255 2865 302 2901 res
321 2849 409 2902 varias
426 2850 539 2917 gignant
556 2849 719 2917 genitasque
737 2845 874 2902 resolvant

124 2925 155 2977 et
172 2939 227 2990 qua
244 2924 272 2976 vi
289 2923 380 2978 facere
397 2927 428 2980 id
445 2929 578 2993 cogantur
595 2940 720 2993 quaeque
739 2923 775 2975 sit
793 2922 854 2976 ollis

124 2997 237 3052 reddita
253 2999 392 3054 mobilitas
411 3018 539 3068 magnum
556 3016 607 3068 per
623 3001 703 3052 inane
721 2997 839 3064 meandi,
954 3012 980 3050 cs

124 3073 285 3143 expediam:
301 3077 334 3128 tu
351 3079 381 3128 te
399 3076 481 3128 dictis
498 3076 631 3143 praebere
648 3073 795 3126 memento.

124 3166 188 3204 nam
206 3152 283 3205 certe
300 3165 354 3205 non
371 3150 446 3204 inter
464 3167 493 3204 se
511 3150 612 3216 stipata
629 3147 758 3200 cohaeret
