2138 3404
550 49 567 106 I

122 157 156 211 at
174 171 266 229 neque
283 169 338 224 qno
355 157 437 223 pacto
454 151 611 222 persederit
628 163 708 210 umor
725 159 807 226 aquai

123 232 243 286 visumst
261 247 312 285 nec
329 247 438 284 rursum
455 246 510 300 quo
527 235 609 300 pacto
627 231 730 300 sugerit
747 239 832 290 aestu.

123 309 153 363 in
170 324 269 377 parvus
288 307 374 374 igitur
392 307 478 377 partis
497 307 669 378 dispergitur
684 326 765 364 umor

124 401 195 454 quas
212 384 283 439 oculi
302 383 378 438 nulla
396 385 634 453 possuntratione
652 386 753 447 videre.
948 403 984 443 aro

124 463 193 531 quin
211 461 296 516 etiam
314 460 408 515 multis
427 458 496 514 solis
511 461 692 517 redeuntibus
709 464 787 518 annis

124 538 223 592 anulus
240 538 269 592 in
288 537 376 607 digito
394 536 492 593 subter
511 541 642 597 tenuatur
658 538 791 608 habendo,

125 613 240 669 stilicidi
256 629 334 669 casus
351 613 472 684 lapidem
492 618 577 682 curat,
596 632 682 671 uncus
698 618 785 671 aratri

124 691 233 744 ferreus
250 693 356 746 occulte
376 690 511 746 decrescit
530 708 624 747 vomer
641 692 670 745 in
687 691 766 758 arvis

126 770 271 836 strataque
288 767 342 821 iam
361 767 434 836 volgi
451 768 569 835 pedibus
588 769 692 824 detrita
708 769 813 824 viarum
948 783 984 823 aas

127 860 210 916 saxea
228 843 421 912 conspicimus3
445 850 505 898 tum
523 847 619 913 portas
636 853 751 915 propter
768 862 838 901 aona

127 919 208 988 signa
225 937 320 974 manus
338 920 452 974 dextras
470 920 621 975 ostendunt
638 920 782 976 adtenuari

128 1013 211 1065 saepe
229 997 398 1051 salutantum
415 1001 493 1052 tactu
511 1000 677 1067 praeterque
694 1003 840 1055 meantum.

127 1072 196 1127 haee
213 1072 299 1141 igitur
316 1072 410 1140 minui,
428 1089 490 1126 cum
509 1073 564 1128 sint
582 1072 692 1142 detrita,
711 1075 843 1130 ridemus

128 1149 180 1210 sed
198 1166 269 1218 quae
286 1165 400 1219 corpora
418 1149 600 1204 decedentia
618 1153 743 1220 tempore
761 1166 877 1220 quoque,
947 1164 984 1205 aaa

127 1225 222 1280 invida
238 1224 386 1295 praeclusit
404 1227 523 1295 metitus
540 1230 640 1281 natura
657 1227 777 1282 videndi.

128 1305 271 1372 postremo
288 1319 478 1373 quaecumque
496 1302 555 1358 dies
575 1306 727 1372 natansque
745 1302 828 1357 rebus

128 1377 263 1447 paulatim
280 1377 387 1446 tribuit,
404 1378 570 1433 moderatim
588 1383 712 1432 erescere
731 1393 839 1445 cogens,

129 1452 205 1507 nulla
221 1457 314 1522 potest
331 1455 470 1509 oculorum
488 1455 561 1509 acies
578 1456 708 1508 contenta
724 1454 803 1521 tueri,

77 1556 80 1560 ,
129 1545 182 1597 ricc
198 1546 280 1599 porro
298 1546 487 1601 quaecumque
504 1547 571 1586 nero
589 1530 730 1600 macieque
748 1534 919 1594 senescunta
948 1544 986 1584 aas

128 1623 187 1669 noc,
204 1623 281 1661 mare
298 1623 370 1676 quae
387 1607 545 1676 inpendent,
563 1623 642 1662 vesco
661 1607 718 1666 sale
736 1623 803 1661 sana
818 1622 916 1676 peresa

130 1682 201 1750 quid
218 1699 327 1752 quoque
345 1683 475 1738 amittant
492 1684 521 1737 in
538 1687 663 1753 tempore
681 1699 794 1739 cernere
811 1683 906 1752 possis.

130 1758 291 1827 corporibus
308 1759 395 1814 caecis
412 1759 498 1828 igitur
516 1764 616 1814 natura
631 1759 705 1828 gerit
722 1777 774 1814 res.

168 1834 193 1887 N
196 1851 227 1889 ec
244 1841 337 1889 tamen
354 1836 477 1904 undique
494 1852 624 1905 corporea
642 1835 744 1905 stipata
761 1839 893 1889 tenentur

132 1911 225 1964 onmia
242 1915 356 1975 natura;
380 1928 498 1980 namque
516 1912 605 1967 estin
622 1911 706 1966 rebus
723 1912 810 1966 inane.
949 1922 986 1964 333

132 1987 210 2055 qnod
226 1987 278 2041 tibi
295 2003 426 2056 cognosse
444 1987 472 2040 in
490 1987 583 2044 multis
600 1987 655 2042 erit
671 1987 740 2043 utile
759 1988 842 2040 rebus

132 2078 184 2117 nec
202 2063 273 2118 sinet
290 2067 429 2118 errantem
447 2063 576 2119 dubitare
593 2068 623 2119 et
640 2080 772 2134 quaerere
791 2079 900 2130 seraper

133 2139 171 2192 de
189 2155 295 2193 summa
311 2156 405 2194 rerum
422 2144 452 2195 et
468 2140 570 2200 nostris
588 2139 713 2194 diffidere
731 2139 819 2195 dictis.

133 2230 186 2268 Qua
196 2230 301 2264 PROHEB
311 2231 385 2264 Locus
395 2231 438 2264 EST
447 2231 566 2265 lassamus
576 2232 655 2264 martir
665 2230 810 2269 vacassent

133 2289 210 2360 quod
227 2290 251 2346 si
268 2308 322 2346 non
339 2295 420 2359 esset,
438 2290 514 2345 nulla
530 2292 636 2346 ratione
653 2292 756 2345 movcri
950 2302 987 2342 aas

133 2384 179 2420 res
196 2370 323 2436 possent;
346 2384 464 2437 namque
481 2367 598 2422 orfidum
615 2366 690 2436 quod
708 2366 829 2435 corporis
846 2368 945 2433 exstat,
955 2386 975 2427 x

133 2443 243 2497 officere
260 2437 345 2513 atque
362 2422 481 2511 obstare,
499 2444 529 2498 id
546 2445 575 2498 in
592 2444 664 2498 omni
682 2447 806 2512 temporo
824 2441 936 2496 adesset

134 2518 277 2585 omnibus3
299 2519 373 2574 hand
390 2520 476 2588 igitur
494 2520 640 2591 quicquam
658 2519 809 2590 procedere
825 2521 927 2586 posset,

133 2595 297 2664 principium
315 2598 443 2665 quoniam
461 2595 578 2650 cedendi
595 2597 670 2650 nulla
687 2596 768 2650 daret
785 2611 837 2648 res.

135 2674 166 2725 at
182 2687 256 2726 nunc
271 2687 322 2740 per
338 2673 424 2728 maria
441 2689 473 2726 33
491 2675 579 2727 terras
598 2672 770 2740 sublimaque
787 2670 854 2729 caeli
952 2684 989 2724 333

135 2747 224 2800 multa
240 2747 329 2802 modis
345 2748 441 2803 multis
453 2748 534 2803 'raris
551 2749 658 2802 ratione
675 2746 778 2801 moseri

136 2822 274 2877 cernimus
291 2828 356 2879 ante
373 2825 473 2892 333133,
492 2842 571 2894 quae,
590 2825 613 2878 si
631 2840 685 2878 non
703 2825 777 2876 esset
793 2820 882 2891 inane,

136 2914 190 2951 non
208 2900 267 2953 tam
285 2899 402 2955 sollicito
420 2905 497 2955 motu
515 2901 622 2970 privata
640 2902 766 2952 carerent

137 2990 221 3045 quam
237 2975 332 3043 genita
348 2976 457 3030 omnino
475 2976 550 3029 nulla
567 2975 673 3028 ratione
691 2974 817 3038 fuissent,

136 3049 260 3121 nudique
277 3053 407 3106 materies
426 3052 552 3120 quoniam
571 3051 673 3118 stipata
691 3049 820 3116 quiesset.
955 3055 991 3092 ars

135 3128 283 3197 praeterea
298 3128 423 3197 <quamvis
441 3127 543 3181 solidae
562 3143 606 3179 rcs
624 3141 685 3197 3333
702 3125 841 3190 putentur,

998 3216 1058 3340 A
