2176 3404
71 43 129 101 lae
472 41 503 97 V

67 163 185 216 namque
202 146 242 201 ita
259 147 346 201 multa
363 145 451 200 modis
468 145 562 201 multis
578 146 729 217 prinrordia
745 163 840 204 rerum

66 239 101 276 ex
118 222 224 276 infinite
241 223 294 275 iarn
313 226 436 291 ternpore
453 223 558 290 percita
574 222 663 291 plagis

65 297 286 368 ponderibusque
303 298 360 352 suis
377 303 542 352 eonsuerunt
558 297 664 353 concita
681 300 746 355 ferit

67 375 282 443 omnimodisque
300 375 372 428 coire
390 378 473 443 atque
492 375 582 428 omnia
599 379 794 446 pertemptare,
885 392 925 435 aaa

67 468 254 520 quaecumque
271 452 344 505 inter
361 467 391 505 se
408 454 521 520 possent
538 468 683 521 congressa
699 470 801 523 creare,

66 532 169 581 utnon
187 528 224 581 sit
240 529 339 580 mirum
358 527 380 580 si
398 527 426 580 in
443 527 507 581 talis
525 526 705 597 disposituras

67 603 229 658 deciderunt
246 620 353 673 qnoque
371 608 400 657 et
418 605 445 657 in
463 604 526 657 talis
543 620 642 658 venere
659 609 774 675 meatus,

66 678 191 747 qualibus
208 680 276 733 haee
294 696 387 733 rerum
404 680 510 748 geritur
526 697 599 734 nune
617 697 722 736 sumum
739 683 874 737 novando.

103 755 181 819 Quod
192 756 219 809 si
230 755 284 809 iarn
296 772 389 809 rerum
401 757 523 823 ignorem
536 756 684 825 primordia
695 774 767 826 quae
778 758 842 827 sint,
880 705 945 816 T&

66 830 117 884 liae
135 835 227 884 tamen
245 847 279 884 ex
297 832 363 900 ipsis
381 832 448 885 caeli
467 832 617 886 rationibus
635 833 722 888 ausim

67 906 226 960 confirmare
244 907 359 975 aliisque
378 925 413 962 ex
430 906 514 962 rebus
531 909 649 964 reddere
666 910 768 979 multis,

66 999 237 1052 nequaquam
256 984 335 1037 nobis
352 984 484 1038 diuinitus
502 1001 562 1039 esse
579 989 703 1054 paratam

66 1064 191 1112 naturani
209 1076 314 1114 reruni:
333 1063 411 1114 tanta
428 1064 485 1115 stat
502 1062 629 1130 praedita
647 1063 733 1131 eulpa.

66 1135 197 1204 principio
215 1142 348 1205 quantum
365 1137 433 1190 caeli
451 1138 522 1205 tegit
539 1138 657 1206 impetus
674 1139 775 1207 ingens,
884 1152 923 1196 2⁰0

65 1211 129 1265 inde
147 1202 236 1265 aridei
253 1217 362 1281 partein
378 1216 485 1266 montes
503 1213 640 1282 silvaeque
657 1215 776 1269 ferarum

65 1288 220 1357 possedere,
237 1292 333 1343 tenent
351 1305 432 1357 rupes
449 1292 598 1357 vastaeque
614 1290 729 1358 paludes

66 1367 96 1417 et
112 1381 188 1418 mare
206 1364 279 1433 quod
296 1365 351 1418 late
369 1368 506 1418 terrarum
524 1364 638 1419 distinet
655 1383 724 1420 oras.

51 1439 130 1493 'inde
148 1440 216 1494 duas
234 1457 315 1509 perro
333 1427 435 1509 propex
454 1441 521 1495 artis
539 1441 660 1494 fervidus
677 1442 759 1496 arder

57 1512 251 1586 'adsiduusque
268 1518 322 1584 geli
341 1533 418 1571 casus
464 1517 596 1571 ortalibus
614 1518 710 1572 aufert.
882 1531 921 1573 aas

65 1591 139 1658 qrued
158 1597 284 1661 superest
301 1592 364 1658 arii,
379 1595 474 1645 tamen
492 1592 521 1645 id
539 1597 638 1646 natura
655 1610 704 1647 sua
720 1593 747 1647 vi

65 1668 189 1721 sentibus
207 1668 333 1734 obducat,
350 1668 379 1721 ni
396 1668 437 1722 ris
455 1668 579 1722 humana·
590 1669 702 1724 resistat

66 1743 131 1797 vitai
149 1760 231 1797 eausa
248 1744 339 1797 valide
357 1749 487 1800 consueta
504 1744 610 1799 bidenti

65 1820 202 1885 ingemere
220 1822 249 1873 et
267 1822 369 1873 terrani
387 1822 488 1888 pressis
506 1822 681 1889 proscindere
699 1822 804 1877 aratris

65 1894 88 1946 si
105 1911 159 1947 nen
177 1894 308 1948 fecundas
326 1900 465 1951 vertentes
483 1913 593 1951 vomere
609 1897 704 1964 glebas
879 1911 920 1952 are

64 1969 202 2038 terraique
221 1971 307 2024 solnm
326 1971 483 2039 subigentes
500 1973 587 2027 einins
604 1973 639 2026 ad
658 1978 742 2043 ortus,

64 2050 161 2115 sponte
179 2063 228 2100 sna
245 2053 382 2115 nequeant
400 2049 516 2116 liquidas
534 2050 653 2104 existere
670 2051 698 2103 in
716 2067 803 2119 auras,

63 2127 93 2178 et
110 2128 203 2178 tamen
220 2124 358 2178 interdurn
376 2141 474 2193 magne
492 2127 615 2193 quaesite
632 2126 725 2180 labore

63 2215 124 2253 enin
142 2201 196 2254 iarn
213 2216 263 2269 per
280 2202 369 2254 terras
385 2201 515 2255 frondent
532 2205 615 2271 atque
633 2202 724 2256 omnia
740 2202 846 2272 florent,

63 2281 111 2330 ant
129 2276 219 2329 nimiis
237 2279 324 2330 torret
341 2276 492 2330 fervoribus
510 2277 648 2333 aetherius
666 2278 706 2333 sol
879 2294 917 2335 21⁵

62 2355 111 2406 ant
129 2351 211 2405 subiti
228 2355 373 2420 peremunt
390 2352 485 2406 imbris
502 2354 665 2422 gelidaeque
682 2355 804 2425 pruinae,

63 2426 202 2496 flabraque
219 2433 363 2481 ventorum
381 2429 499 2482 violento
517 2429 626 2484 turbine
643 2435 751 2485 vexant.

62 2506 208 2572 praeterea
224 2500 311 2570 genus
327 2503 490 2558 horriseunn
508 2508 608 2559 natura
626 2506 745 2563 serarum
816 2540 867 2581 „f

62 2579 197 2633 hnmanae
214 2580 290 2646 genti
307 2579 435 2633 infestum
452 2584 581 2649 terraque
598 2582 718 2649 marique
756 2576 808 2595 ‘³

62 2672 111 2710 eur
129 2655 177 2710 alit
195 2659 278 2724 atque
295 2658 394 2724 angetl
412 2674 461 2711 cur
479 2658 542 2710 anni
558 2661 684 2728 tempera
699 2659 809 2713 morbos
878 2673 916 2715 aaa

63 2731 228 2800 adportant
246 2748 329 2798 ‹puare
347 2749 421 2786 iners
438 2733 575 2787 inmatura
592 2736 723 2802 vagaturl

63 2809 123 2856 turn
140 2823 222 2872 perro
239 2824 315 2874 puer,
332 2811 364 2860 ut
382 2808 468 2861 saevis
485 2809 622 2876 proiectus
639 2809 771 2863 abundis

62 2879 162 2942 navita,
179 2878 268 2931 nudus
285 2881 360 2934 humi
377 2883 455 2950 iacet,
472 2883 568 2949 infans,
585 2885 693 2952 indigus
710 2885 783 2939 enini

63 2949 139 2999 vitali
156 2951 262 3016 auxilie,
280 2969 342 3005 cum
359 2957 477 3022 primum
495 2958 523 3010 in
540 2958 649 3012 luminis
665 2976 727 3013 oras

63 3021 171 3071 nixibus
189 3037 223 3073 ex
240 3026 300 3077 alvo
318 3030 413 3081 matris
430 3037 528 3086 natura
546 3034 675 3102 profudit,
877 3053 916 3095 εὔ

64 3092 209 3157 vagituque
226 3095 314 3150 locum
332 3099 441 3166 lugubri
458 3108 584 3175 complet,
601 3114 633 3162 nt
650 3116 774 3167 aecrrnrst
