2138 3404
58 74 77 130 6
470 68 487 126 Ι

59 190 176 244 quorum
193 172 231 227 nil
249 173 310 227 fiori
327 171 501 227 menifestum
518 172 569 235 est
587 169 680 224 omnia
696 168 807 240 quando

58 250 190 320 paulatim
207 252 340 316 crescunt,
357 251 391 302 ut
407 265 458 318 par
475 250 527 316 est,
545 246 650 302 semine
667 250 744 301 certe

60 407 269 472 crescentesque
286 418 373 470 genus
391 403 516 466 sorrant;
533 402 565 455 ut
582 415 695 454 noscere
712 399 802 469 possis
878 412 916 454 rm
947 396 954 410 “

61 480 178 549 quicque
196 478 298 532 suade
316 479 430 532 materia
447 476 629 544 grandesoere
646 475 764 546 aliquos

61 554 114 609 huo
131 555 238 610 accedit
254 554 296 607 uti
315 553 374 606 sine
391 553 475 607 certis
492 551 627 606 imbribus
644 552 710 606 enni

59 630 191 685 laetificos
209 631 327 698 nequeat
345 628 420 683 fetus
438 628 604 683 submittere
619 627 704 682 tellus

61 723 111 761 nec
127 722 211 775 porro
229 709 334 759 secreta
351 704 529 759 cibumature
545 704 714 759 animantum

60 798 212 851 propagare
228 797 315 849 genus
332 780 419 850 possit
436 781 575 849 ritamque
593 780 681 845 tueri3
877 790 915 833 ms

62 861 93 912 ut
110 858 201 927 potius
218 857 313 912 multis
330 857 484 911 eommunia
501 873 615 926 corpora
631 856 717 910 rebus

61 934 148 988 multa
165 937 246 1003 putes
263 951 331 1000 esso,
348 937 380 988 ut
398 933 488 987 verbis
506 933 643 987 elemento
659 931 790 997 ridemus,

62 1026 144 1078 quam
162 1011 221 1064 eine
237 1009 378 1078 principiis
395 1009 478 1064 ullam
497 1025 557 1063 rem
575 1009 694 1065 existere
711 1024 798 1078 posse.

63 1086 182 1156 denique
200 1103 249 1140 cur
266 1085 389 1140 homines
406 1089 499 1140 tantos
515 1089 616 1139 natura
633 1092 730 1154 parere

62 1178 116 1215 non
133 1163 231 1232 potuit,
249 1162 366 1231 pedibus
384 1163 432 1231 qui
449 1166 564 1231 pontum
582 1179 632 1230 per
649 1161 719 1215 rada
737 1162 852 1229 possent
875 1175 914 1214 noo

63 1239 179 1294 transire
196 1243 226 1293 et
242 1254 355 1307 magnos
373 1238 499 1292 menibus
517 1238 647 1292 divellere
664 1237 765 1292 montis

64 1316 205 1385 multaque
222 1313 690 1386 virendosritetmjmqrevsaeela,

64 1391 88 1443 si
105 1408 166 1459 non,
184 1392 314 1445 materies
332 1393 397 1460 qnia
415 1390 497 1444 rebus
515 1390 623 1444 reddita
641 1392 766 1443 certast·

62 1466 209 1534 gignundis
227 1484 243 1520 c
261 1483 316 1536 qua
333 1470 441 1521 constat
459 1466 527 1534 quid
544 1468 630 1535 possit
648 1465 729 1519 oririi

63 1542 101 1594 nil
119 1543 203 1610 igitur
221 1543 281 1594 fieri
300 1542 336 1594 do
353 1542 408 1595 nilo
425 1558 506 1611 posse
523 1540 701 1605 fatendumst,
878 1556 915 1595 eos

64 1618 167 1671 somine
185 1615 294 1685 quando
311 1633 380 1684 opus
398 1621 443 1675 est
458 1616 541 1671 rebus
559 1634 613 1686 quo
632 1633 758 1685 quaeque
775 1619 885 1672 creatae

64 1694 134 1746 aeris
151 1693 180 1745 in
198 1696 307 1747 teneras
324 1693 429 1762 possint
446 1693 595 1762 proferrier
613 1710 700 1747 eures
722 1720 728 1745 s

63 1772 202 1837 postremo
220 1769 347 1837 quoniam
365 1769 476 1824 incultis
492 1773 635 1838 praestare
654 1770 778 1824 videmus

63 1844 138 1897 culte
155 1844 213 1897 loca
231 1847 260 1898 et
277 1844 402 1899 manibus
420 1845 540 1900 melioris
557 1845 675 1899 reddero
693 1846 774 1914 fetus,

63 1936 123 1973 csse
141 1919 267 1975 videlicet
284 1920 312 1973 in
330 1922 412 1975 terris
430 1921 580 1990 primordia
597 1938 689 1975 rerum
878 1937 917 1978 no

64 2012 135 2063 quae
152 2012 202 2049 nos
219 1996 348 2050 fecundas
365 1999 506 2051 vertentes
523 2014 634 2053 vomere
651 1998 745 2066 glebas

64 2073 203 2142 terraique
221 2073 308 2127 solum
327 2073 484 2142 subigentes
502 2075 589 2129 cimus
607 2073 643 2128 ad
663 2078 766 2130 ortus·

65 2150 139 2216 quod
157 2149 180 2203 si
197 2149 271 2203 nulla
289 2149 386 2219 forent,
404 2154 498 2205 nostro
517 2150 574 2203 sine
592 2167 718 2219 quaeque
736 2149 830 2205 labore
855 2214 858 2217 ,

65 2230 161 2296 sponte
179 2243 228 2279 sua
246 2226 333 2280 multo
351 2226 412 2281 fieri
429 2227 542 2280 meliora
559 2226 684 2280 rideres·

100 2303 163 2357 Huc
181 2303 286 2357 accedit
303 2304 344 2357 uti
362 2305 480 2372 quicque
497 2304 526 2356 in
543 2320 592 2357 sua
609 2319 722 2372 corpora
739 2319 847 2357 rursum
878 2315 915 2356 eis

65 2377 198 2432 dissoluat
215 2381 313 2432 natura
330 2396 419 2447 neque
437 2379 473 2432 ed
490 2379 576 2432 nilum
594 2379 742 2433 interemat
759 2395 812 2434 res.

65 2470 128 2508 narn
146 2453 236 2523 siquid
253 2455 369 2508 mortale
387 2471 401 2508 e
418 2456 523 2508 cunctis
540 2454 667 2523 partibus
685 2457 766 2522 esset,

65 2546 99 2583 ex
117 2530 201 2585 oculis
218 2546 263 2584 res
281 2547 406 2599 quaeque
424 2535 538 2598 repente
557 2534 653 2600 erepta
670 2532 781 2600 periret

65 2607 140 2662 nulla
156 2608 183 2661 vi
200 2608 272 2661 foret
290 2624 356 2660 usus
374 2607 446 2661 enim
465 2616 535 2677 quae
553 2606 679 2676 pertibus
697 2607 756 2661 eius

66 2682 208 2738 discidium
226 2699 324 2751 parcre
342 2687 372 2737 et
389 2699 476 2737 nexus
494 2684 634 2737 exsolvere
651 2687 753 2752 posset
879 2695 918 2737 ne

66 2759 140 2825 quod
158 2775 237 2824 nunc,
255 2762 366 2812 aeterno
385 2760 448 2826 quia
467 2763 593 2813 constent
611 2761 714 2813 semine
733 2772 868 2826 quaeque,

67 2833 153 2885 donec
171 2832 212 2884 vis
229 2832 297 2885 obiit
314 2850 384 2901 quae
402 2851 447 2888 res
465 2833 622 2887 diverberet
640 2834 698 2887 ictu

68 2909 116 2958 eut
133 2906 208 2958 intus
225 2909 353 2972 penetret
370 2924 420 2975 per
437 2909 528 2961 inania
546 2908 739 2977 dissoluatque,

69 2979 168 3031 nullius
185 2978 299 3030 exitium
317 2982 420 3045 patitur
437 2985 535 3034 natura
552 2982 646 3034 rideri.

69 3050 215 3119 praeterea
232 3067 419 3120 quaecumque
436 3059 576 3108 vetustate
593 3062 702 3110 amovet
719 3061 803 3123 astes,
879 3073 920 3117 ars

72 3125 96 3177 si
113 3125 224 3193 penitus
241 3126 358 3192 peremit
375 3140 535 3181 consumens
552 3131 696 3184 materiem
714 3148 831 3199 omnem,
932 3182 939 3197 ,
