2138 3404
129 227 215 280 quem
231 227 322 281 neque
339 211 412 266 fama
429 211 512 266 deum
529 228 580 266 nee
596 211 710 267 fulmina
727 215 780 269 ned
795 213 933 270 minitanti

128 305 271 343 murmure
288 290 451 358 compressit
467 291 580 359 eaelum,
599 290 649 345 sed
667 308 700 345 eo
716 293 805 361 magis
822 310 912 348 aerem

128 365 227 420 inritat
244 365 327 419 animi
345 366 485 435 virtutem,
503 367 648 435 effringere
666 372 698 421 ut
716 372 778 423 arta
883 407 887 429 ,
962 384 987 423 ro

127 438 245 496 naturae
262 442 368 511 primus
385 445 526 512 portarum
544 443 664 498 claustra
681 445 795 514 cupiret.

65 531 82 538 ·
129 533 196 586 ergo
214 518 306 572 vivida
323 519 364 574 vis
382 518 466 572 animi
482 521 605 596 pervicit,
623 524 653 574 et
670 526 751 575 extra
763 514 801 539 ⁸'

128 595 265 663 processit
281 595 363 663 longe
378 594 547 650 flammantia
564 597 671 650 moenia
687 597 782 652 mundi

128 677 214 740 atque
231 689 312 727 omne
328 673 492 727 immensum
510 674 669 744 peragrarit
686 677 779 729 mente
796 674 949 746 animoque,

127 749 204 803 unde
220 749 307 804 refert
324 750 404 804 nobis
421 750 508 804 vietor
525 749 593 820 quid
610 750 696 819 possit
714 751 787 819 oriri,
960 764 985 808 7⁵

128 824 198 894 quid
214 828 342 895 nequeat,
360 826 438 880 finita
454 830 579 896 potestas
598 827 718 896 denique
735 828 834 897 cuique

125 919 248 971 quanam
266 902 303 957 sit
318 902 426 956 ratione
443 906 529 972 atque
539 903 603 957 'alte
621 903 754 958 terminus
771 904 894 959 haerens.

128 994 215 1048 quaro
232 978 329 1047 religio
347 978 465 1048 pedibus
483 978 607 1033 subiecta
623 979 741 1033 vicissim
892 980 899 993 '

127 1055 273 1125 opteritur,
292 1071 341 1109 nos
359 1058 497 1123 exaequat
513 1055 629 1110 victoria
646 1056 728 1111 eaelo.

137 1134 142 1141 '
164 1130 240 1185 Illud
256 1131 286 1184 in
302 1131 346 1185 his
363 1131 447 1185 reims
464 1147 567 1200 vereor,
585 1148 621 1186 ne
637 1132 709 1187 forte
726 1132 814 1188 rearis
960 1148 985 1187 so

127 1207 203 1276 inpia
219 1211 249 1263 te
266 1208 380 1262 rationis
397 1208 468 1262 inire
485 1207 622 1262 elementa
638 1209 764 1279 viamque

126 1284 273 1352 indugredi
292 1283 409 1339 sceleris.
428 1284 502 1354 qnod
519 1286 742 1354 sonim-saepius
758 1285 806 1339 illa

127 1361 224 1430 religio
241 1362 350 1432 peperit
368 1362 502 1416 scelerosa
518 1365 603 1430 atque
619 1361 703 1431 impia
719 1362 849 1448 faeta.-

128 1438 233 1493 Aulide
251 1453 305 1507 quo
322 1441 403 1507 paeto
421 1438 521 1492 Triviai
539 1438 652 1507 virginis
670 1454 745 1492 aram

127 1515 301 1584 Iphianassai
317 1517 465 1583 turparunt
482 1514 616 1582 sanguine
632 1513 714 1568 foede
958 1532 983 1570 sn

126 1591 259 1670 ductores
271 1592 396 1645 Danaum
413 1589 521 1659 dolenti,
539 1590 629 1660 prima
646 1591 773 1645 virorum.

125 1668 172 1723 eui
189 1668 269 1723 simul
285 1667 370 1749 inffla
386 1667 524 1736 virgineos
541 1667 710 1722 circumdata
726 1671 851 1738 oomptus
861 1701 877 1718 ι

126 1762 163 1799 ex
180 1748 299 1815 utraque
315 1744 375 1814 pari
393 1743 526 1801 malarum
543 1747 623 1813 parte
640 1745 803 1813 profusasts

126 1824 157 1876 ot
177 1824 313 1876 maestum
332 1820 412 1874 simul
430 1822 495 1875 ente
513 1837 575 1874 aras
593 1820 705 1875 adstare
722 1825 865 1891 parentem

126 1899 215 1953 sensit
233 1902 263 1952 et
279 1897 351 1951 hune
369 1900 483 1967 propter
500 1898 604 1952 sermm
622 1898 711 1952 celare
728 1899 869 1955 ministros
959 1916 983 1954 ao

126 1976 297 2043 aspectuque
315 1990 364 2028 suo
381 1973 507 2027 lacrimas
524 1972 665 2028 effundere
681 1975 756 2044 civis,

126 2053 206 2105 muta
222 2055 299 2105 metu
315 2053 419 2105 terram
437 2049 553 2118 genibus
569 2051 713 2105 summissa
729 2051 852 2120 petebat

116 2141 178 2182 'nee
195 2128 311 2182 miserae
327 2125 458 2195 prodesse
474 2126 503 2181 in
520 2126 569 2180 tali
588 2130 713 2197 tempore
731 2127 827 2197 quibat

126 2202 204 2274 qnod
221 2204 313 2273 patrio
329 2204 455 2272 princeps
473 2203 590 2257 donarat
606 2205 715 2258 nomine
732 2221 834 2272 regem.

126 2296 192 2353 qam
204 2279 312 2334 sublata
322 2280 411 2334 virum
423 2279 548 2333 manibus
554 2279 792 2349 ,tremibundaque
804 2280 840 2335 ad
852 2296 914 2335 aras
956 2296 981 2334 ao

128 2354 283 2424 deductast,
300 2372 355 2410 non
372 2360 405 2410 ut
422 2355 546 2410 sollemni
562 2372 640 2410 more
658 2372 797 2412 sacrorum

126 2432 250 2503 perfecto
266 2435 359 2503 posset
376 2432 450 2487 elnro
467 2433 591 2488 comitari
609 2433 776 2503 Hymenaeo,

93 2509 179 2563 u›red
194 2513 271 2564 easta
288 2508 392 2563 inceste
409 2508 531 2563 nubendi
547 2513 673 2579 tempore
689 2509 718 2564 in
735 2510 795 2580 ipso

126 2585 218 2641 lrostia
235 2585 390 2653 oonuideret
407 2586 530 2657 maetatu
547 2589 652 2641 moeste
669 2587 798 2656 parentis,

125 2663 218 2717 exitus
234 2663 267 2715 ut
283 2661 363 2716 elassi
381 2661 446 2716 felix
463 2644 624 2732 tsustnsque
641 2663 763 2718 daretur.
945 2678 981 2718 roo

125 2742 236 2795 tantum
253 2737 348 2809 religio
365 2739 455 2806 potuit
473 2739 590 2793 sundere
607 2739 748 2794 malorum.

162 2816 292 2871 Tutemet
308 2832 326 2868 a
342 2815 421 2869 nobis
438 2815 492 2868 iam
511 2815 606 2883 quovis
623 2819 748 2884 temporo
764 2819 858 2871 ratum

91 2892 100 2917 ⁸
125 2893 285 2961 terriloquis
302 2892 392 2946 vietus
409 2891 492 2946 dietis
509 2891 660 2946 desciscere
677 2908 799 2961 quaeres.

98 2962 101 2965 ’
125 2971 229 3045 quippe
246 2970 348 3024 etenim
366 2985 449 3038 quam
466 2969 554 3022 multa
570 2967 621 3021 tibi
637 2968 692 3021 iam
709 2968 815 3036 fingere
831 2972 945 3038 possunt
968 3016 978 3041 x

125 3045 232 3102 somnia
249 3062 320 3115 quaa
337 3046 410 3098 vitoe
427 3045 547 3098 rationes
563 3046 672 3097 vertere
689 3044 795 3111 possint
879 3101 882 3105 ,
944 3055 979 3093 1oo

123 3124 306 3192 fortunasque
322 3124 386 3174 tuas
403 3120 491 3173 omnis
508 3119 621 3172 turbare
639 3119 751 3172 timore!

125 3204 158 3257 et
174 3199 283 3257 merito.
299 3214 363 3252 nam
382 3196 405 3250 si
422 3199 527 3250 eertum
544 3195 626 3246 linem
644 3209 704 3246 esso
722 3192 847 3244 riderent
