2138 3404
511 63 527 118 Ι
914 65 952 126 lt

97 169 145 222 illa
163 181 273 236 quoque
290 182 352 220 esse
368 165 420 220 tibi
438 165 525 220 solida
542 169 627 234 atque
645 170 758 221 seusus
774 167 925 223 fatendum.

98 239 219 312 denique
237 243 261 296 si
278 242 405 296 minimas
421 242 450 295 in
467 243 554 311 partis
571 245 669 296 cuneta
687 243 786 297 resolvi

97 337 196 390 eogere
213 322 372 375 consuesset
389 335 481 372 rernm
497 322 597 373 natura
614 319 742 388 creatrix,

94 397 152 451 iam
169 397 208 451 nil
227 413 262 450 ex
278 396 332 449 illis
351 394 448 449 eadem
466 411 596 464 reparare
612 394 719 450 valeret
856 417 857 421 ¹
919 413 956 452 oso

96 477 245 544 propterea
262 473 334 540 quia,
353 488 424 541 quae
441 471 523 524 nullis
541 474 605 524 sunt
622 472 747 540 pertibus
764 477 851 540 aucta

96 567 152 604 non
169 552 284 618 possunt
301 565 334 602 ea
352 565 423 616 quae
440 546 525 602 debet
542 547 669 616 genitalis
686 546 797 619 haberes

96 626 235 693 materies,
253 624 342 678 varios
359 640 477 677 conexus
495 623 618 692 pondera
633 624 729 694 plagas

96 716 245 759 concursus
262 705 360 768 motus,
379 716 429 769 per
445 717 517 769 quae
536 717 580 754 res
598 716 723 770 quaeque
740 707 884 771 geruntur.

133 778 309 849 Quapropter
327 776 374 847 qui
392 776 535 831 materiem
553 793 647 830 rerum
664 795 724 832 esse
742 782 875 848 putarunt
917 795 954 834 aas

96 856 190 924 ignens
208 859 293 924 atque
310 871 345 909 ex
362 854 418 922 igni
436 870 570 908 summam
588 855 738 910 consistere
756 858 820 926 solo,

97 947 198 1000 magno
215 948 299 1000 opere
316 949 333 986 a
350 947 415 986 vera
432 929 502 999 lapsi
520 931 627 985 ratione
643 929 778 986 videntur.

99 1008 258 1063 Heraclitus
276 1008 327 1061 init
345 1023 463 1077 quorum
482 1006 538 1060 dux
556 1007 660 1077 proelia
676 1009 787 1077 primus,

97 1084 189 1138 clarus
206 1085 238 1138 ab
254 1083 398 1138 obscuram
416 1083 536 1151 linguam
554 1084 640 1152 magis
659 1085 732 1138 inter
749 1084 836 1138 inanis

68 1160 219 1290 Auamde
235 1161 327 1228 gravis
345 1160 418 1214 inter
436 1159 533 1213 Graios
551 1160 680 1229 qui'rera
697 1161 849 1229 requirunt.
919 1176 955 1217 oso

116 1237 190 1290 mnia
207 1237 279 1291 enim
298 1236 390 1290 stolidi
408 1237 494 1305 magis
512 1237 683 1290 admirantur
701 1241 857 1307 amantque,

97 1312 214 1367 inversis
232 1329 303 1381 quae
320 1310 371 1366 sub
388 1312 479 1366 verbis
497 1313 636 1367 latitantia
653 1316 776 1380 cernunt,
894 1318 896 1323 “

96 1405 218 1458 veroque
236 1389 405 1444 constituunt
422 1405 493 1458 quae
511 1389 583 1442 belle
600 1391 847 1458 tangerepossunt

97 1466 173 1520 auris
190 1469 220 1520 et
237 1465 329 1534 lepido
347 1482 418 1534 quae
436 1470 500 1519 sunt
517 1465 610 1518 fucata
627 1480 731 1517 sonore.

133 1542 160 1596 N
162 1560 206 1595 am
224 1544 348 1595 curtam
367 1542 457 1595 ranae
474 1559 519 1595 res
537 1541 644 1610 possint
661 1557 721 1595 esse
738 1541 856 1610 requiro,
918 1557 955 1597 oss

97 1635 134 1673 ex
148 1635 205 1675 [uno
223 1618 246 1672 si
264 1621 330 1672 suut
347 1618 403 1686 igni
421 1634 544 1686 puroque
562 1622 676 1672 creatae.

96 1694 137 1748 nil
154 1694 298 1763 prodesset
315 1695 388 1748 enim
406 1693 525 1747 calidum
544 1692 685 1748 denserier
700 1694 792 1764 ignem

97 1787 151 1825 nee
168 1771 298 1836 rarefieri,
316 1772 340 1825 si
356 1773 449 1839 partes
466 1771 537 1838 ignis
555 1769 670 1824 eandem

96 1850 226 1902 naturam
244 1863 326 1917 quam
344 1850 420 1901 totus
436 1844 521 1900 habet
540 1863 623 1916 super
640 1847 711 1915 ignis
728 1847 869 1904 haberent.
892 1850 896 1863 “

97 1923 188 1978 acrior
206 1922 289 1977 ardor
306 1924 379 1978 enim
397 1923 537 1977 conductis
554 1922 680 1993 partibus
698 1927 778 1990 esset,

98 1999 255 2068 languidior
271 2016 354 2071 porro
372 2000 494 2054 disiectis
512 2000 610 2068 disque
628 2001 738 2070 supatis.

98 2076 217 2144 amplius
235 2074 287 2129 hoc
305 2076 365 2129 fieri
382 2076 421 2129 nil
440 2080 482 2130 est
501 2077 575 2146 quod
593 2093 673 2145 posse
690 2077 777 2131 rearis

97 2151 203 2206 talibus
219 2151 248 2204 in
265 2153 361 2219 causis,
378 2152 480 2206 nedum
498 2153 632 2208 variantia
649 2169 742 2207 reruni

97 2230 180 2282 tants
197 2231 283 2297 queat
301 2228 393 2282 densis
411 2229 534 2298 rurisque
552 2246 586 2284 ex
603 2229 711 2298 ignibus
729 2245 796 2284 esse.

54 2365 61 2374 ¹
97 2304 129 2358 id
147 2320 264 2374 quoqne,
282 2305 306 2358 si
323 2305 425 2360 faciant
442 2306 594 2361 adnrixtum
611 2305 694 2359 rebus
712 2304 801 2372 inane,
828 2300 831 2309 ’
935 2321 943 2331 ·

99 2380 210 2434 denseri
227 2385 359 2449 poterunt
376 2383 453 2450 ignes
471 2382 582 2451 rarique
600 2381 724 2450 relinqui.

98 2455 150 2510 sed
168 2455 234 2526 qnia
250 2456 337 2511 multa
354 2457 406 2511 sibi
424 2462 540 2512 cernunt
557 2459 692 2511 contraria
709 2458 783 2512 nasei

98 2535 130 2587 et
144 2532 266 2599 fugitent
283 2533 311 2586 in
329 2533 412 2588 rebus
429 2534 509 2588 inane
527 2534 682 2602 relinquere
699 2551 806 2602 purum,

98 2608 188 2662 ardua
205 2608 272 2662 dum
288 2612 424 2678 metuunt,
442 2611 573 2664 emittunt
591 2626 656 2663 vera
673 2610 734 2676 viai,

98 2701 151 2740 nee
168 2701 278 2738 rursum
295 2691 411 2740 cernunt
428 2691 556 2755 exempto
573 2685 656 2740 rebus
673 2685 748 2738 inani

98 2761 191 2815 omnia
209 2759 319 2815 denseri
337 2762 452 2831 fierique
470 2778 504 2815 ex
523 2761 647 2816 omnibns
664 2778 748 2815 unum

98 2853 206 2905 corpus,
225 2836 262 2890 uil
280 2836 316 2891 ab
335 2854 365 2892 se
382 2837 457 2907 quod
474 2838 561 2907 possit
579 2835 825 2906 mitterernptin13

98 2913 213 2967 aestifer
230 2912 302 2981 ignis
319 2914 361 2968 uti
379 2912 471 2968 lumen
488 2913 554 2967 iecit
571 2916 656 2981 atque
673 2928 810 2981 vaporem,
891 2912 895 2921 ‘

98 2993 132 3043 ut
149 2989 246 3042 rideas
262 3006 317 3043 uon
334 3006 351 3043 e
368 2989 477 3059 stipatis
495 2987 620 3058 partibus
638 3003 706 3041 esse.

98 3065 177 3136 quod
194 3066 217 3119 si
235 3065 307 3119 forte
324 3065 379 3119 alia
396 3065 514 3119 eredunt
530 3063 636 3117 ratione
653 3065 763 3130 potesse

97 3143 171 3211 ignis
188 3142 216 3196 in
235 3145 316 3196 coetu
333 3142 435 3209 stingui
454 3142 617 3206 mutareque
634 3151 741 3202 eorpus,
813 3167 815 3171 «

107 3220 122 3263 5
