2176 3404
436 123 440 132 ·
522 90 567 147 VI
917 97 967 156 171

114 197 226 253 tollitur
243 196 273 250 in
290 196 450 264 nubisque
467 211 529 249 cum
546 195 617 250 bene
635 197 738 250 semina
754 214 887 266 aquarum

115 272 205 327 multa
226 271 315 326 modis
332 271 427 324 multis
444 287 594 326 convenere
611 272 735 341 undique
753 273 878 341 adaucta,

115 349 259 403 confertae
277 348 364 402 nubes
381 364 512 402 umorem
529 348 642 402 mittere
659 352 768 404 certant

115 425 282 495 dupliciter3
300 440 364 478 nam
381 424 422 478 ris
440 425 516 478 venti
533 425 675 478 contrudit
692 429 721 479 et
738 426 799 495 ipsa
940 442 976 482 sro

115 502 196 571 copia
214 500 367 556 nimborum
387 501 470 554 turba
486 502 589 555 maiore
606 505 701 556 coacta

114 581 207 646 urget,
225 577 262 631 de
280 593 379 647 supero
397 577 499 647 premit
516 594 549 632 ae
565 578 633 633 facit
650 580 760 634 effluere
776 581 878 636 imbris.

115 659 264 723 praeterea
281 671 343 708 eum
362 657 505 717 rarescunt
522 672 633 723 quoque
650 655 744 709 nubila
762 659 850 712 ventis

114 734 166 785 aut
184 731 378 795 dissolvuntur,
397 730 462 784 solis
480 748 563 800 super
581 731 637 786 ieta
655 732 751 802 calore,

116 808 234 862 mittunt
250 822 375 861 umorem
393 807 516 877 plurium
535 807 704 877 stillantque‚
722 810 800 879 quasi
818 811 875 879 igni
940 825 977 866 ⁵15

114 901 179 938 cera
198 900 281 954 super
298 883 387 945 calido
410 883 556 938 tabescens
573 884 660 938 multa
677 885 820 955 liquescat.

114 961 167 1014 sed
184 976 296 1014 vemens
313 959 403 1013 imber
426 960 466 1028 fit,
485 959 533 1012 ubi
551 965 693 1015 vementer
711 954 838 1031 utraque*

113 1037 209 1107 nubila
226 1037 254 1090 vi
271 1037 409 1090 cumulata
431 1039 596 1105 premuntur
613 1042 642 1090 et
660 1038 764 1108 impete
780 1040 863 1094 venti.

114 1117 201 1183 atque
218 1116 315 1167 tenero
333 1113 381 1166 diu
400 1113 510 1183 pluviae
528 1113 693 1182 longumque
710 1117 811 1169 morari

114 1194 289 1259 consuerunt,
307 1189 356 1243 ubi
374 1191 463 1244 multa
481 1190 589 1243 cientur
607 1190 713 1244 semina
729 1209 861 1261 aquarum
939 1208 976 1248 sao

113 1271 200 1336 utque
216 1266 279 1320 aliis
296 1267 365 1320 aliae
385 1266 472 1320 nubes
491 1265 631 1335 nimbique
649 1266 772 1334 rigantes
806 1298 809 1305 ⁴

41 1398 46 1405 ,
114 1343 229 1414 insuper
246 1346 330 1413 atque
348 1344 422 1397 omni
439 1343 522 1411 vulgo
541 1343 577 1396 de
594 1347 675 1412 parte
692 1345 826 1410 feruntur,

115 1423 247 1489 terralue
264 1437 326 1474 oum
344 1420 452 1473 fumans
470 1436 594 1473 umorem
612 1423 673 1474 tota
691 1420 826 1477 redhalat.

113 1495 159 1551 hic
176 1497 225 1550 ubi
244 1496 283 1551 sol
300 1496 386 1550 radiis
404 1498 600 1562 tempestatem
618 1496 693 1549 inter
710 1513 822 1566 opacam

116 1573 234 1626 adversa
250 1573 329 1627 fulsit
345 1572 499 1626 nimborum
517 1572 661 1640 aspargine
679 1577 782 1641 contra,
938 1592 975 1630 aas

116 1652 177 1703 tum
195 1649 269 1703 color
286 1649 315 1702 in
332 1649 416 1717 nigris
434 1648 530 1702 existit
547 1647 665 1702 nubibus
683 1649 768 1717 arqui.

152 1726 255 1780 Cetera
270 1742 341 1795 quae
361 1742 466 1779 sorsum
485 1729 613 1785 creseunt
630 1741 790 1793 sursumque
809 1731 944 1798 creantur,

117 1807 147 1856 et
164 1818 236 1871 quac
254 1804 431 1856 concrescunt
448 1801 476 1854 in
494 1799 621 1868 nubibus,
639 1801 737 1867 omnia,
755 1819 882 1872 prorsum

117 1878 215 1946 omnia,
233 1878 280 1931 nix
298 1878 373 1937 venti
390 1877 496 1945 grando
513 1877 676 1946 gelidaeque
694 1878 809 1947 pruinae

117 1965 147 2009 ot
163 1955 206 2009 vis
223 1970 322 2023 magna
338 1954 401 2022 geli,
419 1970 550 2022 magnum
568 1953 701 2009 duramen
719 1970 858 2024 aquarum,
939 1973 976 2012 seo

117 2035 147 2085 et
165 2047 243 2084 mora
260 2047 330 2099 quae
347 2030 444 2084 fluvios
461 2030 563 2099 passim
581 2030 704 2084 refrenat
723 2032 820 2098 euntis,
857 2025 861 2030 ’

116 2108 276 2176 perfacilest
293 2110 386 2161 tamen
402 2106 470 2160 baec
488 2106 611 2175 reperire
628 2107 773 2176 animoque
790 2108 884 2162 videre

116 2183 208 2236 omnia
225 2200 280 2250 quo
297 2186 379 2252 pacto
397 2183 465 2236 liant
483 2199 603 2252 quareve
620 2186 755 2251 creentur,
800 2220 803 2224 -

116 2275 179 2313 cum
196 2259 267 2313 bene
285 2260 409 2328 cognoris
427 2259 571 2313 elementis
587 2259 699 2313 reddita
716 2277 786 2329 quae
804 2260 866 2315 sint.

151 2336 233 2390 Nunc
250 2352 303 2404 age
320 2351 390 2404 quae
408 2336 478 2389 ratio
495 2335 580 2389 terrai
598 2335 717 2388 motibus
735 2340 813 2391 extet
932 2342 970 2388 sss

117 2413 236 2483 percipe.
255 2416 285 2466 et
301 2413 331 2466 in
347 2413 443 2481 primis
461 2415 565 2465 terram
582 2411 626 2464 fac
643 2415 675 2465 ut
692 2428 753 2466 esse
770 2413 857 2468 rearis

118 2492 214 2558 supter
231 2489 299 2543 item
318 2492 350 2542 ut
369 2504 468 2558 supera
485 2487 606 2542 ventosis
623 2487 745 2557 undique
762 2490 871 2557 plenam

118 2565 255 2636 speluncis
272 2566 428 2634 multosque
444 2565 519 2620 bens
536 2564 693 2630 multasque
710 2564 823 2618 lucunas

117 2642 146 2696 in
164 2643 268 2710 gremio
285 2658 382 2710 gerere
400 2645 430 2696 et
447 2658 531 2711 rupes
549 2640 720 2709 deruptaque
738 2656 818 2707 saxa;

119 2718 260 2787 multaque
278 2719 330 2771 sub
348 2721 427 2787 tergo
444 2719 530 2773 terrai
547 2717 659 2770 flumina
677 2719 752 2770 tecta
939 2734 975 2774 mo

118 2795 228 2848 volvere
246 2795 272 2849 vi
289 2796 389 2850 fluctus
407 2811 611 2861 summersaque
629 2809 695 2846 saxa
712 2793 896 2860 putandumst

119 2872 241 2940 undique
259 2873 333 2926 enim
351 2872 467 2927 similem
484 2888 545 2926 osso
563 2872 605 2924 sui
623 2887 667 2924 res
684 2868 806 2936 postulat
822 2869 890 2937 ipsa.

119 2948 163 3002 luis
180 2948 265 3016 igitur
281 2949 369 3003 rebus'
383 2949 534 3003 subiunctis
552 2946 754 3017 suppositisque

119 3028 197 3080 terra
215 3041 334 3094 superno
351 3026 446 3078 tremit
463 3024 569 3090 magnis
588 3039 717 3075 concussa
734 3021 826 3086 ruinis,

121 3100 217 3154 subter
234 3100 282 3155 ubi
299 3100 419 3167 ingentis
436 3098 579 3166 speluncas
596 3095 704 3148 subruit
720 3098 812 3159 aetos;
939 3110 975 3148 sss

121 3176 224 3246 quippe
240 3176 345 3229 cadunt
360 3173 414 3226 toti
430 3174 538 3225 montes
555 3186 706 3236 magnoque
724 3171 837 3228 reponte

999 3316 1076 3358 Α
