2138 3404
514 114 579 169 xviii

165 256 217 306 298
251 251 442 306 Lachmannus
454 251 513 306 sine
525 268 607 307 eausa
618 257 683 308 autc
694 260 745 310 296
758 255 908 310 cullucnrit.

165 343 216 393 306
252 349 331 389 smne
347 339 416 393 adeo
428 338 573 393 manifesto
585 354 636 408 pro
647 339 728 393 silari
742 341 875 409 scriptum
893 342 971 396 vide.

113 425 160 478 tur
185 427 217 478 ut
240 424 291 477 hoc
315 424 427 493 quidem
451 424 511 479 loco
539 424 778 493 interutrosque
800 443 851 495 pre
875 437 971 486 Inrnn

114 519 267 569 Urnnsenrr
296 527 331 565 ex
360 511 403 565 ed.
436 511 508 565 lunt.
538 511 661 580 recipere
690 527 746 564 nen
775 510 971 567 dubitaverim.
1047 540 1048 543 ¹

113 592 242 648 librarius
253 601 388 663 utrasque
399 594 436 648 ad
448 596 516 649 silas
528 596 748 651 accommodarit.

165 685 216 735 358
250 680 402 734 rectissime
421 680 501 734 eiecit
521 680 677 734 Lambinus,
712 680 901 734 Lachmannus
922 682 969 735 rix

114 763 211 818 Latine
219 764 364 832 Nullaque
370 754 522 834 practerea
528 766 635 833 perdit,
643 781 729 834 quem
736 765 885 834 enpelliiur
893 783 968 821 aceo.

166 855 216 905 362
252 850 401 905 delendum
413 867 474 906 esse
489 868 553 906 cnm
569 851 701 905 Lambinc
718 868 763 905 res
781 851 842 921 ipss
857 849 968 905 clamat

114 951 175 989 eum
187 935 216 988 in
227 936 350 1004 margine
365 937 463 1005 aliquis
481 936 661 1003 adscripsisse
677 935 796 1005 ridetur,
806 939 839 990 nt
855 951 968 1006 corrup-

113 1023 173 1074 tum
185 1021 270 1074 ducet
281 1021 438 1090 explicaret.
469 1021 658 1074 Lachmannus
669 1020 740 1075 hune
752 1036 861 1075 versum
872 1021 968 1090 inepte

113 1106 187 1161 inter
199 1113 249 1163 363
262 1110 291 1162 et
303 1113 354 1162 364
366 1108 464 1176 posuit.

164 1198 216 1251 374
250 1194 352 1249 retinui
375 1194 507 1249 librorum
531 1206 651 1247 Anrmnn
674 1205 842 1248 murnum.
866 1195 906 1248 ita
935 1211 967 1249 vr

113 1282 162 1337 755
175 1279 227 1335 loci
238 1297 288 1350 cpe
299 1280 401 1348 sufficit
413 1281 516 1351 scripsi.
552 1282 743 1336 Lachmannus
760 1282 893 1336 elementa
908 1282 967 1335 mi·

115 1367 338 1422 ηονααηίηιαί.ι

117 1488 121 1493 -
162 1460 214 1508 4115
247 1462 476 1525 pronnfflnnms
488 1454 792 1510 Lachmannusacrias.

163 1547 214 1594 412
225 1546 255 1596 ct
266 1548 317 1595 415
335 1559 418 1611 prave
434 1542 540 1612 expulit
556 1542 762 1609 Lachmannns;
782 1542 883 1610 quibus
899 1543 965 1598 sub-

112 1623 175 1679 latis
196 1626 302 1679 animae
321 1630 350 1680 et
373 1627 457 1680 nnirni
477 1615 644 1695 comparatis
666 1644 727 1681 curn
751 1628 822 1682 oculi
846 1629 914 1683 erbe
934 1633 965 1685 ct

111 1710 212 1779 pupula
224 1727 279 1764 nen
290 1713 403 1766 cunstat.

163 1803 213 1851 415
234 1814 285 1866 pru
304 1802 432 1868 corrupto
451 1809 581 1866 nucum,
602 1800 771 1869 transposita
788 1816 844 1854 una
862 1800 965 1868 littera,

111 1883 221 1951 aliquoi
235 1885 338 1953 scripsi.
374 1885 474 1940 deinde
492 1886 530 1938 sii
545 1885 649 1954 addidi,
662 1885 737 1956 quod
753 1886 881 1940 facillime
899 1889 968 1942 ante
993 1940 996 1946 ,

110 1970 276 2037 splendidus
288 1972 417 2028 excidere
429 1973 527 2042 potuit.

162 2061 211 2109 421
226 2056 428 2111 Laclrmnnnunr
436 2061 546 2112 secutus
559 2074 627 2127 sum,
635 2058 687 2112 etsi
696 2061 888 2125 argumentum
897 2074 965 2127 quu-

111 2139 257 2196 dnmmedc
274 2143 378 2196 inverti
400 2143 516 2197 videtur.
548 2143 766 2211 scribendnmne,
786 2142 861 2213 qued
875 2147 905 2198 ct
925 2145 963 2198 ad

110 2225 194 2281 libros
208 2228 320 2298 propius
336 2229 443 2284 accedit
460 2233 489 2284 et
504 2231 596 2300 aptius
612 2234 655 2285 est
669 2230 707 2283 ad
719 2231 892 2298 sententiam,
904 2248 963 2285 reno

110 2312 160 2366 sub
171 2312 276 2381 iuncus
287 2315 401 2369 nornine
412 2304 535 2370 corum?

161 2405 213 2454 428
230 2400 362 2454 librorum
375 2401 538 2469 scripturam
550 2401 669 2457 restitui.
703 2402 900 2470 Irnchmannus,
913 2419 964 2471 pro

111 2499 178 2540 nunt
197 2487 342 2541 scribendo
365 2488 435 2556 iam,
456 2500 566 2542 causam
590 2504 653 2541 cum
677 2488 777 2542 effectu
796 2489 965 2544 confundere

111 2573 226 2627 ridetur.
245 2573 276 2627 cf.
291 2578 342 2629 203
355 2591 415 2644 sqq.
425 2578 455 2629 ct
467 2591 527 2628 aun.
540 2574 606 2642 phil.
621 2575 720 2629 (inntr
734 2592 760 2645 p.
768 2581 811 2631 33.
828 2560 967 2630 ‘animus'

110 2657 150 2712 nit
167 2660 251 2728 poeta
269 2658 397 2728 ‘egregie
416 2659 526 2714 mobilis
540 2663 602 2725 cst;
618 2676 683 2729 erge
699 2677 833 2732 perquam
851 2662 965 2718 minutis

110 2744 269 2812 corporibus
281 2747 404 2801 constnt'.

162 2833 212 2882 430
230 2832 260 2882 et
271 2834 322 2884 433
334 2847 352 2884 n
364 2831 539 2886 Lachmanno
551 2830 652 2885 eiectos
665 2832 781 2887 restitui.

162 2919 214 2967 444
231 2929 281 2981 pro
304 2926 509 2968 nnconlnnscrr
534 2916 631 2986 scripsi
655 2917 688 2970 r'n
712 2935 766 2985 quc
792 2920 896 2974 nabiter
919 2922 966 2976 sit.
1047 2960 1048 2981 l

112 2998 300 3053 Lachmannus
321 3000 348 3054 is
365 3002 516 3072 codidcssit,
539 3003 762 3071 interrogationis
781 3009 846 3060 neta
861 3007 889 3060 in
909 3007 966 3063 fine
1047 2988 1048 3037 Ὗ

111 3083 259 3153 superioris
270 3101 366 3140 versus
377 3089 475 3155 posita.
1047 3142 1048 3167 2

164 3174 212 3225 531
232 3187 281 3239 pro
298 3184 395 3233 Areua
406 3185 505 3226 nunno
516 3185 603 3241 nnuc,
624 3177 732 3229 mutata
748 3193 802 3229 uun
817 3179 967 3246 transposi-
1047 3206 1048 3239 ι
