2176 3404
562 69 592 126 V
947 71 1003 130 139

145 175 267 245 donique
285 191 348 231 eum
365 177 461 230 eontra
477 173 558 244 pleno
574 174 646 229 bene
663 173 765 228 lumine
781 174 859 229 fulsit

144 255 231 321 atque
249 251 339 305 oriens
357 251 448 305 obitus
466 252 526 305 cius
544 267 626 318 super
643 250 718 304 edita
735 249 821 315 vidit3

146 327 213 381 inde
231 326 388 393 minutatim
406 329 481 380 retro
500 327 578 395 quasi
596 327 714 380 condere
731 326 823 380 lumen
970 340 1005 382 no

145 402 232 457 debet
249 404 326 471 item,
343 407 445 471 quanto
462 402 573 470 propius
591 402 646 455 iam
664 402 728 456 solis
745 402 782 456 ad
799 402 890 470 ignem

145 478 250 533 labitur
267 496 303 533 ex
320 478 374 532 alia
392 478 529 545 signorum
546 481 626 547 parte
643 494 693 546 per
711 478 821 543 orbem3

146 559 181 610 ut
198 555 309 624 faciunt,
327 554 417 608 lunam
436 554 484 623 qui
502 554 611 622 fingrmt
628 570 688 608 esse
706 554 771 623 pilai

146 632 316 685 consimilem
333 647 482 699 cursusque
500 630 571 683 riam
589 629 640 684 sub
658 630 715 686 sole
732 633 833 685 tenere.

145 711 190 761 est
208 708 293 761 etiam
311 723 397 776 quare
414 707 523 776 proprio
541 723 603 760 cum
620 706 723 761 lumine
740 707 826 775 possit
972 719 1007 762 nr·

145 783 250 837 volvier
267 787 297 838 et
314 783 403 836 varias
421 783 573 852 splendoris
591 783 709 837 reddere
727 783 834 853 formas.

143 875 242 928 cerpus
260 859 333 913 enim
350 858 415 912 licet
431 875 491 912 esse
509 859 584 912 aliud
602 859 676 927 quod
693 859 782 914 fertur
799 863 829 913 et
846 874 901 914 una

143 934 247 989 labitur
264 934 425 989 omnimodis
443 950 585 989 occursans
603 935 773 1005 efficiensque

142 1028 193 1066 nec
210 1013 282 1081 potis
299 1015 343 1066 est
360 1012 445 1077 cerni,
462 1012 527 1080 quia
544 1028 650 1065 cassum
668 1012 768 1066 lumine
784 1012 878 1067 fertur.

142 1089 302 1157 versarique
318 1091 417 1158 potest
434 1087 531 1156 globus
549 1091 588 1156 ut,
606 1088 629 1141 si
646 1089 725 1157 forte,
742 1088 806 1157 pilai
968 1100 1004 1143 tao

143 1165 257 1218 dimidia
274 1165 398 1234 experti
415 1164 544 1219 candenti
561 1164 661 1219 lumine
678 1165 787 1229 tinctus,

143 1241 332 1310 versandoque
349 1241 460 1309 globum
477 1241 608 1295 variantis
626 1241 708 1295 edere
726 1242 833 1308 formas,

144 1317 264 1388 donique
282 1321 475 1387 campartem,
493 1335 680 1386 quaecumque
698 1321 741 1372 est
757 1317 867 1386 ignibus
883 1322 971 1385 aucta,

143 1393 180 1447 ad
198 1394 316 1462 speeiem
334 1393 419 1448 uertit
435 1392 513 1447 nobis
531 1394 676 1462 oculosque
694 1395 815 1463 patentis
825 1415 832 1459 ;

143 1469 210 1523 inde
228 1470 384 1524 minutatim
401 1474 476 1524 retro
494 1472 657 1539 contorquet
675 1474 704 1524 et
721 1470 812 1525 aufert
964 1485 1000 1527 rat

141 1545 283 1599 luciferam
301 1550 409 1614 portem
426 1546 627 1613 glomeraminis
645 1550 729 1615 atque
746 1547 810 1615 pilai
819 1568 826 1613 ;

141 1625 174 1675 ut
193 1620 366 1691 Babylonica
377 1622 544 1676 Chaldaeum
563 1621 687 1676 doctrina
704 1623 827 1677 refutans

142 1698 342 1766 astrologorum
360 1702 448 1752 artem
466 1701 561 1752 contra
578 1698 736 1752 convincere
754 1699 852 1767 tendit,

142 1774 258 1842 proinde
276 1774 353 1842 quasi
371 1774 400 1827 id
417 1774 477 1828 fieri
495 1779 615 1843 nequeat
632 1774 706 1841 quod
723 1778 827 1843 pugnat
843 1741 962 1863 hterque

141 1853 190 1903 aut
208 1849 299 1903 minus
316 1850 367 1903 hoc
384 1849 485 1904 illo't
449 1854 485 1904 srt
502 1867 551 1903 cur
567 1850 726 1918 amplectier
743 1852 822 1907 ausis
963 1865 999 1908 7³⁰

142 1925 260 1994 denique
278 1944 326 1980 eur
343 1930 464 1995 nequeat
482 1943 590 1995 semper
607 1943 676 1981 nova
693 1927 757 1981 luna
774 1927 863 1984 creari

142 2003 240 2056 ordine
256 2003 405 2057 formarum
423 2006 500 2056 certo
517 2007 576 2057 cert
577 2003 655 2071 isque
672 2003 766 2071 figuris

140 2078 224 2147 inque
243 2078 302 2132 dies
318 2079 409 2148 privos
427 2078 540 2132 aborisci
559 2096 682 2148 quaeque
700 2083 793 2134 creata

141 2158 227 2223 atque
245 2155 298 2208 alia
314 2155 386 2208 illius
404 2155 526 2223 reparari
543 2155 571 2208 in
589 2159 668 2225 parte
686 2156 807 2225 locoque,

141 2230 279 2284 difficilest
295 2232 401 2285 ratione
419 2231 518 2285 docere
536 2233 566 2285 et
583 2231 691 2286 vincere
709 2232 806 2300 verbis,
955 2246 991 2289 735

141 2305 238 2360 ordine
256 2323 317 2360 cum
331 2307 445 2376 possint
462 2312 519 2363 tam
539 2311 614 2362 certo
632 2309 718 2362 multa
734 2309 828 2362 creari.

141 2383 167 2438 it
184 2400 233 2437 ver
250 2388 279 2437 et
297 2385 399 2454 Venus,
417 2390 447 2439 et
464 2385 536 2439 veris
554 2385 730 2454 praenuntius
748 2389 813 2440 anto

140 2463 277 2528 pennatus
294 2461 422 2529 graditur
438 2462 578 2531 zephyrus,
598 2462 712 2530 vestigia
730 2466 843 2531 propter

142 2534 226 2599 Flora
243 2536 341 2604 quibus
358 2541 448 2591 mater
465 2555 662 2607 praespargens
680 2542 744 2592 anto
762 2539 815 2592 viai

142 2614 240 2665 cuncta
258 2611 392 2667 coloribus
410 2614 527 2682 egregiis
544 2618 574 2667 et
592 2613 719 2668 odoribus
737 2616 837 2683 opplet.
961 2625 996 2669 vro

141 2685 209 2740 inde
226 2687 279 2741 loci
297 2689 420 2758 sequitur
437 2691 510 2744 calor
528 2690 621 2743 aridus
639 2694 668 2744 et
685 2706 775 2745 comes
793 2707 846 2744 una

142 2763 332 2832 pulverulenta
351 2765 434 2819 Ceres
451 2772 476 2819 et
494 2766 579 2820 etesia
596 2766 682 2820 flabra
699 2765 861 2834 aquilonum.

141 2839 207 2893 inde
226 2843 374 2894 autumnus
391 2841 458 2910 adit,
475 2843 602 2910 graditur
620 2841 699 2895 simul
719 2842 822 2895 Euhius
841 2843 926 2896 Euan.

140 2915 207 2969 inde
225 2916 294 2970 aliae
311 2920 491 2987 tempestates
508 2919 637 2987 ventique
655 2920 793 2985 secuntur,

141 2990 290 3045 altitonans
308 2993 461 3047 Volturnus
479 2998 508 3046 ct
525 2998 618 3046 auster
635 2992 747 3044 fulmine
764 2992 875 3057 pellens
959 3006 994 3046 745

142 3066 256 3121 tandem
274 3067 372 3120 bruma
389 3068 465 3119 nives
483 3067 575 3120 adfert
592 3067 754 3132 pigrumque
771 3066 897 3132 rigorem,

142 3141 238 3211 prodit
254 3141 369 3210 hiemps,
382 3141 507 3208 sequitur
524 3141 659 3205 crepitans
676 3138 746 3191 hanc
763 3137 993 3207 dentibusnalgor.
