2190 3398
538 77 609 132 1111
938 80 995 138 115

141 183 227 253 inque
245 182 305 237 dies
322 182 413 250 gliscit
430 181 506 236 furer
523 185 608 250 atque
626 199 755 238 aerumna
771 185 913 253 gravescit,

143 260 166 312 si
183 276 240 312 nnn
257 258 346 328 prium
363 257 440 311 nevis
457 257 602 312 conturbes
623 258 730 312 volnera
747 260 834 327 plagis
948 275 997 317 107⁰

142 336 341 405 volgivagaque
359 351 445 402 vagus
465 334 574 389 Venere
591 339 654 391 ante
677 335 794 389 recentia
813 350 893 388 cures

141 420 191 469 aut
209 414 263 468 alio
280 413 369 482 possis
386 411 469 464 animi
486 410 633 465 traducere
650 414 748 464 mutus.

177 492 204 544 N
207 508 239 545 ec
256 489 376 543 Veneris
392 488 485 541 fmctu
503 491 579 540 caret
596 487 621 540 is
638 487 685 555 qui
703 487 775 542 vitat
791 504 920 557 amorem,

143 568 194 622 sed
212 569 305 637 potius
322 582 393 635 quae
412 569 476 618 sunt
494 565 553 617 siue
570 579 658 633 poena
675 563 818 618 commoda
835 566 927 621 sumit.

143 661 208 698 nam
226 647 301 697 certe
318 644 415 711 purast
433 640 505 694 sanis
522 640 610 707 magis
628 639 693 692 iude
710 640 834 709 voluptas
946 657 995 698 raes

143 737 228 789 quam
245 719 359 772 miseris.
377 717 478 771 etenim
496 715 622 785 potiundi
640 719 765 785 tempore
782 716 811 770 in
828 717 888 788 ipso

143 797 260 850 fluctuat
277 795 390 849 incertis
409 793 547 847 erroribus
566 791 648 846 arder
665 795 804 846 amantum

143 889 195 927 nec
213 875 321 926 canstat
339 870 407 940 quid
424 870 543 939 primunr
561 869 645 922 acidis
662 867 839 938 nranibusque
856 871 989 927 fruantur.

143 947 219 1018 quod
236 948 351 1017 petiere,
368 950 498 1016 premunt
515 949 576 999 nrte
594 945 752 1012 faciuntque
769 945 891 1000 delerem

142 1024 266 1093 corperis
283 1026 313 1077 et
329 1023 426 1076 dentes
443 1021 563 1074 inlidunt
582 1037 662 1088 saepe
680 1019 785 1074 labellis
946 1038 996 1076 roso

143 1101 290 1170 osculaque
307 1099 448 1168 adfligunt,
466 1099 601 1166 quianon
619 1101 662 1150 est
680 1114 749 1166 pura
766 1098 892 1168 voluptas

144 1182 174 1232 et
191 1177 295 1230 stimuli
313 1176 429 1230 subsunt
446 1176 494 1244 qui
511 1174 644 1241 instigant
662 1172 772 1228 laedere
788 1174 819 1227 id
836 1175 925 1245 ipsum

143 1253 335 1323 quodcumque
352 1257 403 1317 est,
421 1252 511 1305 rabies
528 1250 601 1303 unde
619 1250 696 1304 illaec
713 1250 837 1318 germina
855 1255 977 1320 surgunt.

143 1330 195 1384 sed
212 1330 311 1384 leviter
327 1345 429 1398 pocrms
445 1327 547 1393 frangit
565 1326 660 1379 Venus
677 1325 749 1382 inter
767 1342 887 1380 amorem

142 1406 299 1475 blandaque
317 1406 437 1459 refrenat
455 1419 561 1456 morsus
578 1402 703 1456 admixta
719 1403 853 1471 voluptas.
947 1417 995 1457 rest

142 1499 263 1552 namque
281 1481 309 1534 in
327 1497 360 1535 ea
379 1497 442 1549 spes
459 1483 509 1545 est,
526 1477 599 1532 unde
617 1482 661 1534 est
679 1479 785 1532 ardoris
803 1479 886 1547 erige,

143 1558 278 1627 restingui
298 1573 406 1626 quaque
422 1572 504 1625 posse
521 1555 557 1609 ab
574 1556 672 1610 endem
689 1571 803 1624 corpore
821 1554 967 1609 tianunam.

143 1635 220 1704 quod
236 1633 297 1687 fieri
314 1638 409 1687 contra
426 1635 517 1686 tetum
534 1633 633 1685 natura
650 1634 800 1701 repugnem

142 1709 384 1779 aruaqueresbnec
393 1711 445 1774 est,
454 1708 626 1774 cuiusquam
635 1724 716 1776 quam
726 1705 990 1775 plurimahabemus,

143 1791 205 1841 tum
224 1786 311 1854 magis
328 1783 449 1838 ardescit
466 1784 527 1837 dira
544 1783 698 1853 cuppedine
715 1788 817 1851 pectus.
946 1798 994 1837 1000

142 1880 208 1918 nam
225 1863 303 1917 cibus
319 1864 404 1930 atque
420 1876 500 1915 umor
516 1858 647 1913 membris
664 1859 818 1912 adsumitur
835 1858 925 1925 intus3

143 1956 216 2009 quae
233 1937 363 2007 queniam
381 1941 471 1991 certas
488 1939 604 2004 pessunt
620 1935 747 1990 obsidere
765 1935 860 2004 partis,

143 2017 197 2070 bne
214 2015 294 2069 facile
311 2014 438 2082 expletur
455 2012 567 2066 laticum
583 2012 748 2080 frugumque
766 2010 873 2080 cupido.

144 2110 180 2146 ex
198 2091 315 2145 heminis
332 2107 396 2143 vcro
414 2089 484 2142 faeie
501 2087 669 2157 pulchroque
686 2087 776 2142 calere

143 2169 183 2222 nil
201 2167 284 2221 datur
301 2166 329 2219 in
347 2182 445 2235 carpus
462 2168 575 2233 praeter
592 2163 737 2218 simulacra
754 2163 900 2217 fruendum
946 2179 996 2218 1000

144 2245 252 2310 tenvia3
270 2259 341 2313 quae
358 2246 440 2296 rento
457 2258 520 2310 spes
538 2244 645 2310 raptast
663 2256 745 2309 saepe
762 2240 875 2294 misella

144 2326 177 2375 nt
194 2319 290 2373 bibere
307 2319 335 2371 in
353 2318 452 2371 saumis
470 2318 566 2370 sitiens
583 2333 666 2385 qrrnm
684 2315 792 2383 quaerit
809 2320 840 2371 et
857 2333 935 2371 umor

143 2413 199 2451 non
218 2396 308 2462 datur,
327 2393 452 2448 arderem
471 2393 518 2461 qui
536 2391 666 2446 membris
685 2392 824 2460 stinguere
841 2394 936 2463 possit,

144 2472 196 2527 sed
212 2471 323 2525 laticum
342 2470 486 2524 simulacra
502 2470 573 2538 petit
589 2468 746 2536 frustraque
763 2467 870 2523 laborat

142 2550 172 2603 in
189 2547 335 2615 medioque
353 2546 412 2600 sitit
429 2545 545 2599 terrenti
564 2544 675 2597 flunrine
693 2547 798 2613 potans,
945 2561 993 2601 1100

144 2627 183 2680 sic
200 2625 229 2678 in
248 2639 340 2677 amare
358 2622 453 2676 Venus
471 2620 622 2674 simulacris
639 2618 711 2673 ludit
728 2621 845 2674 amantis

144 2718 195 2755 nec
214 2700 315 2754 satiare
333 2702 438 2767 queunt
456 2697 605 2765 spectando
622 2712 736 2764 corpora
753 2713 844 2750 coram

144 2794 195 2832 nec
212 2775 338 2830 manibus
356 2775 502 2843 quiequam
520 2773 622 2826 teneris
639 2771 773 2825 abradere
791 2774 921 2829 membris

144 2856 261 2924 possunt
279 2856 403 2905 errantes
421 2849 519 2903 incerti
536 2865 648 2915 corpore
666 2852 732 2902 0000.

146 2930 263 2998 denique
281 2944 343 2982 cum
361 2925 492 2980 membris
510 2924 624 2979 conlatis
642 2924 708 2978 tiore
726 2924 856 2980 fruuntur
948 2942 996 2980 1105

145 3007 252 3071 aetatis,
271 3004 325 3057 iam
343 3019 405 3059 cunr
422 3003 563 3071 praesagit
579 3001 680 3070 gandia
697 3018 795 3069 corpus

145 3086 230 3151 ablue
248 3081 276 3133 in
294 3082 354 3133 eost
371 3078 467 3131 Venus
485 3081 517 3130 ut
533 3076 676 3128 muliebria
693 3079 818 3128 censerat
835 3092 907 3141 arra,

145 3157 273 3226 adfigunt
289 3153 370 3208 aride
387 3166 487 3220 eorpus
503 3151 673 3216 iunguntque
691 3147 789 3200 salivas
