2138 3404
84 138 249 193 conficerent
267 137 346 207 volgo
364 137 454 203 silvas,
472 137 586 192 arbusta
601 143 764 195 cremarent.

83 215 174 268 iamne
191 214 269 268 vides
285 213 378 282 igitur,
395 213 477 282 paulo
496 212 571 282 quod
589 212 707 271 diximus
724 220 798 283 ante,

84 291 228 360 permagni
246 290 350 345 referre
367 290 464 345 eadem
481 290 632 360 primordia
648 309 730 363 saepo

83 384 146 421 cum
165 366 264 438 quibus
282 371 312 422 et
329 367 402 437 quali
419 367 545 437 positura
561 368 754 423 contineantur
809 402 812 407 «

83 448 113 499 et
130 461 199 514 quos
217 444 289 497 inter
307 460 337 499 se
355 442 423 497 deut
440 448 531 497 motus
548 444 744 514 accipiantque,
904 465 946 507 me

83 523 168 590 atque
186 519 283 573 eadem
300 520 382 589 paulo
399 520 472 575 inter
488 536 519 574 se
535 524 643 576 mutata
659 538 754 576 creare

82 596 160 664 ignes
178 599 208 650 et
225 595 347 664 lignuml
365 612 419 666 quo
437 600 518 665 pacto
535 596 620 652 verba
637 615 746 668 quoquc
764 598 823 666 ipso

83 672 155 727 inter
174 689 204 726 se
221 672 302 741 paulo
320 671 434 726 mutatis
452 677 516 728 sunt
533 673 684 742 elementis,

83 764 144 802 cum
163 748 237 817 ligna
254 752 336 818 atque
355 749 432 817 ignes
450 749 580 804 distincta
597 767 663 806 voce
680 754 814 806 notemus

83 824 201 893 donique
219 825 272 878 iam
290 843 478 897 quaecumque
495 828 523 881 in
540 827 624 882 rebus
641 827 730 882 cernis
746 828 850 896 opertis
901 842 942 881 ers

83 900 106 953 si
124 900 184 954 fieri
202 917 256 954 non
273 918 354 969 posse
371 908 460 972 putas,
479 905 545 972 quin
561 905 688 958 materiai

83 993 198 1046 corpora
214 978 347 1047 consimili
365 985 463 1034 natura
480 979 607 1050 praedita
624 981 718 1048 finges,

83 1052 134 1106 hac
151 1054 257 1110 ratione
275 1056 326 1110 tibi
343 1061 461 1127 pereunt
479 1056 629 1126 primordia
645 1072 751 1110 rerum:

84 1129 133 1184 fiet
151 1131 192 1185 uti
210 1132 267 1186 risu
285 1132 404 1187 tremulo
421 1150 551 1188 concussa
568 1133 730 1188 cachinnent

83 1210 112 1261 et
130 1206 249 1262 lacrimis
267 1209 345 1264 salsis
363 1214 504 1266 umectent
521 1227 569 1264 ora
585 1225 732 1278 genasque.
901 1222 941 1261 oso

118 1283 144 1336 N
146 1301 199 1340 unc
216 1302 266 1354 age
284 1285 361 1354 quod
378 1290 504 1355 superest
521 1302 654 1354 cognosce
672 1288 702 1339 et
719 1282 818 1337 elanus
835 1283 907 1338 audi.

83 1376 133 1414 nee
150 1377 195 1415 me
213 1362 296 1415 animi
313 1362 384 1417 fallit
401 1379 484 1431 quem
502 1362 558 1416 sint
576 1361 704 1426 obscurem
722 1359 772 1414 sed
788 1358 847 1414 acri

83 1437 219 1504 percussit
236 1438 330 1508 thyrso
348 1439 436 1493 laudis
454 1456 516 1507 spes
533 1455 632 1506 magna
649 1453 740 1492 meum
758 1451 805 1489 cor

83 1515 112 1565 ot
130 1513 210 1567 simul
227 1515 341 1570 incussit
359 1532 469 1570 suavem
487 1515 525 1568 mi
542 1515 570 1569 in
587 1517 684 1583 peetus
701 1527 822 1566 aurorem

83 1604 230 1655 musarum,
248 1607 301 1658 quo
320 1608 391 1646 nune
408 1591 554 1645 instinctus
571 1594 664 1644 mente
681 1586 785 1657 vigenti
901 1603 940 1645 ouo

83 1664 143 1717 avia
162 1663 303 1721 Pieridum
322 1683 438 1735 peragro
456 1666 515 1721 loca
532 1666 633 1720 nullius
651 1670 715 1720 unte

84 1741 152 1794 trita
170 1740 234 1795 solo.
253 1741 329 1796 iuvet
347 1743 468 1812 integros
486 1743 617 1798 accedere
634 1741 718 1797 fontis

83 1820 167 1885 atque
184 1817 301 1887 haurire,
319 1819 447 1890 iuvatqw
465 1837 549 1874 novos
567 1820 715 1888 decerpere
733 1817 814 1873 flores

83 1892 272 1963 insignemque
288 1911 350 1949 meo
368 1896 451 1965 capiti
469 1900 565 1965 petere
582 1896 646 1950 inde
663 1910 789 1950 coronam
865 1936 867 1941 ,

82 1968 155 2023 undo
173 1970 249 2039 prius
266 1971 334 2024 nulli
352 1972 469 2026 velarint
485 1976 611 2040 tempora
628 1988 736 2036 nrusne;
902 1982 939 2023 sno

82 2046 199 2113 primum
217 2047 292 2116 quod
309 2048 415 2116 magnis
433 2049 518 2102 doceo
536 2049 572 2102 de
589 2048 672 2103 rebus
689 2050 719 2102 ct
736 2046 804 2101 artis

84 2121 244 2191 religionum
262 2124 382 2177 animum
400 2124 480 2178 nodis
498 2124 639 2179 exsoluere
657 2140 750 2193 pergo,

83 2198 183 2253 deinde
201 2201 276 2270 quod
293 2200 409 2255 obscura
426 2201 463 2256 de
480 2218 511 2255 re
528 2205 586 2255 tam
603 2200 694 2254 lueida
711 2213 801 2269 pango

83 2276 208 2340 carmina
226 2293 336 2331 musaeo
354 2278 515 2346 contingens
533 2281 630 2331 cuncte
647 2277 747 2345 lepore.

83 2350 113 2403 id
131 2368 240 2420 quoque
259 2354 331 2408 enim
350 2370 403 2407 non
421 2353 457 2408 ab
475 2353 550 2407 nulla
567 2354 672 2408 ratione
691 2352 814 2422 videtum
900 2363 937 2405 eut

83 2426 133 2480 sed
152 2427 236 2482 veluti
254 2430 346 2498 pueris
364 2430 501 2485 absinthia
518 2434 610 2484 taetra
626 2430 768 2483 medentes

83 2519 144 2558 cum
162 2505 230 2558 dare
247 2509 386 2571 conantur,
405 2506 482 2575 prius
500 2522 561 2559 oras
578 2506 676 2574 pocula
691 2505 792 2559 circum

83 2581 244 2650 contingunt
262 2582 351 2636 mellis
369 2582 442 2637 dulci
461 2582 585 2651 flavoque
603 2582 716 2651 liquore,

83 2659 113 2710 ut
131 2674 278 2725 puerorum
296 2665 373 2715 aetus
392 2659 534 2728 inprouida
551 2659 709 2713 ludificetur

83 2731 221 2787 labrorum
239 2740 327 2802 tenus,
346 2738 453 2789 interca
469 2739 599 2804 perpotet
615 2750 737 2788 amarum
900 2745 937 2789 oe

83 2806 202 2860 absinthi
219 2809 328 2862 laticem
346 2811 518 2879 deceptoque
535 2828 589 2864 non
607 2810 738 2878 capiatur,

85 2879 135 2931 sed
152 2881 244 2946 potius
261 2883 310 2935 tali
328 2889 409 2952 paeto
426 2890 551 2939 recreata
568 2886 693 2950 valescat,

86 2952 124 3003 sic
142 2969 193 3019 ego
210 2970 290 3021 nunc,
310 2959 437 3024 queniam
453 2960 522 3014 haee
539 2961 610 3014 ratio
627 2960 790 3028 plerumque
808 2959 922 3015 videtur

85 3025 192 3079 tristior
209 3044 269 3081 esse
287 3032 386 3096 quibus
402 3050 458 3086 non
475 3039 518 3088 est
535 3038 661 3101 tractate,
679 3037 809 3101 retroque

87 3099 182 3165 volgus
199 3100 329 3155 obhorret
346 3106 381 3156 nb
399 3106 457 3170 hac,
475 3109 547 3161 volui
564 3110 615 3162 tibi
634 3110 831 3169 suaviloquenti
902 3126 939 3163 su
