2190 3398
97 23 137 85 32
495 16 551 73 111

92 123 238 182 mortalem
256 122 342 178 vitam
359 137 433 175 mors
450 136 513 175 cum
530 119 684 175 inmortalis
700 119 813 175 ademit
936 170 940 177 .

128 199 249 255 Proinde
260 197 309 252 ubi
321 213 351 250 se
362 196 458 273 rideas
470 195 606 271 homiuem
617 195 787 263 indignarier
798 196 899 266 ipsum,
916 192 955 252 ero

90 279 155 348 post
172 279 290 331 mortem
307 274 366 329 sore
382 276 415 327 ut
432 275 481 327 aut
499 276 624 342 putescat
641 287 754 340 corpore
771 277 852 345 posto

93 356 143 407 aut
160 351 277 405 flammis
294 350 417 405 interfiat
435 347 547 402 malisve
565 347 692 415 serarum,

91 428 162 483 scire
180 428 246 482 licet
263 441 316 480 nou
334 426 469 479 sincerius
488 440 585 478 sonere
603 428 687 492 atque
705 423 817 479 subesse

92 520 203 559 mecum
221 502 341 572 aliquem
359 499 435 556 cordi
453 500 601 566 stimulum,
619 502 742 568 quamvis
760 503 844 569 neget
861 499 922 569 ipse

90 580 205 634 credere
216 594 247 631 se
259 593 423 646 quemquam
435 576 487 631 sibi
499 592 607 631 sensum
619 577 648 651 in
660 582 749 633 morte
760 576 891 631 futurum
915 589 954 630 sss

61 661 70 704 t
92 671 155 722 nou,
172 657 204 709 ut
221 652 327 722 opinor,
344 653 416 707 euim
434 651 485 707 dat
503 651 577 722 quod
594 653 735 727 promittit
750 655 780 707 et
796 651 881 719 unde,

91 746 142 785 uec
159 729 290 783 radicitus
308 746 325 783 e
342 729 399 784 vita
417 745 447 783 se
464 728 539 784 tollit
557 733 587 783 ct
604 728 677 796 eicit,

92 805 143 860 scd
160 805 226 860 facit
243 820 304 858 esse
322 804 363 858 sui
382 803 515 874 quiddam
533 821 616 877 super
633 804 733 860 inscius
749 803 815 879 ipse

92 881 169 936 virus
186 880 260 935 euim
278 880 330 935 sibi
347 896 409 934 cum
426 881 555 950 proponit
572 882 687 951 quisque
705 881 835 953 futurum,

92 973 191 1025 corpus
207 956 249 1011 uti
268 957 391 1011 volucres
408 955 530 1012 lacerent
546 958 574 1013 in
592 961 682 1012 morte
699 956 835 1026 seraeque,
913 970 952 1029 eso

91 1034 151 1102 ipse
169 1033 211 1087 sui
230 1033 358 1098 miseret;
375 1048 466 1102 neque
483 1033 556 1088 enim
566 1044 604 1086 'se
622 1030 722 1103 dividit
739 1028 805 1085 illim

93 1125 144 1164 nee
161 1113 285 1183 removet
302 1109 370 1163 satis
387 1126 404 1163 a
421 1108 544 1178 proiecto
562 1125 675 1177 corpore
693 1112 723 1162 et
740 1107 816 1162 ilium

93 1202 123 1240 se
140 1185 221 1254 fingit
239 1202 375 1257 sensuque
394 1203 442 1240 suo
460 1185 628 1243 contaminat
642 1180 744 1257 *astans
793 1182 796 1187 ’
818 1181 820 1185 ’

92 1261 155 1316 hinc
171 1262 332 1331 indignatur
349 1278 380 1316 se
398 1262 543 1317 mortalem
561 1278 621 1315 esse
638 1266 761 1316 creatum
935 1314 939 1335 Ι

89 1335 144 1393 ue'c
161 1338 284 1395 videtin
302 1354 368 1392 vera
383 1338 489 1393 nullum
506 1338 565 1393 sore
582 1341 672 1394 morte
690 1337 773 1397 alium
790 1354 821 1413 sc
914 1353 951 1392 ees

93 1415 141 1485 qui
158 1415 245 1483 possit
262 1415 341 1471 visus
358 1414 411 1471 sibi
429 1431 459 1468 se
474 1409 571 1485 lugere
588 1421 762 1484 peremptum
795 1464 798 1468 ,
818 1460 822 1487 Ι.

93 1494 224 1559 stansque
241 1491 376 1545 iacentem
393 1507 421 1546 sc
437 1490 551 1547 lacerari
569 1491 646 1544 urive
664 1489 779 1550 dolere.)

92 1582 156 1620 nam
174 1568 198 1620 si
213 1566 244 1620 in
261 1572 351 1623 morte
368 1567 497 1625 malumst
514 1565 594 1620 malis
611 1582 758 1635 morsuque
776 1565 896 1620 serarum

92 1641 214 1710 tractari,
230 1659 286 1697 nou
304 1642 416 1713 invenio
429 1643 477 1717 qui
493 1636 549 1696 uon
566 1643 603 1697 sit
619 1640 749 1713 acerbum
937 1712 939 1717 Ι

92 1717 200 1787 ignibus
217 1719 366 1789 inpositum
384 1718 479 1773 calidis
496 1729 649 1774 torrescere
666 1718 783 1773 flammis
802 1764 804 1769 .
913 1735 951 1775 eac

92 1793 187 1847 autin
205 1793 287 1848 melle
305 1795 388 1848 situm
406 1794 531 1849 suffocari
549 1798 633 1863 atque
651 1794 740 1863 rigere

90 1870 199 1938 frigore,
217 1886 278 1924 cum
296 1888 402 1925 summo
418 1871 503 1939 gelidi
521 1871 604 1925 cubet
620 1887 739 1939 aequore
757 1873 823 1946 seui,

92 1946 219 2014 urgerive
236 1963 355 2016 superne
372 1946 506 2003 obtritum
524 1947 646 2017 pondere
664 1944 780 2003 terrac(
856 1997 858 2001 .

128 2023 203 2075 ‘Iam
221 2023 275 2076 iam
294 2039 348 2079 non
367 2024 464 2079 domus
480 2014 598 2093 accipiet
613 2016 643 2077 te
660 2024 742 2092 laeta,
758 2041 847 2091 neque
865 2041 938 2079 uxor

92 2098 196 2166 optima
213 2113 262 2151 nec
280 2098 375 2153 dulces
392 2104 535 2155 occurrent
552 2100 645 2154 oscula
660 2100 718 2154 nati
905 2116 949 2158 sss

93 2173 250 2244 praeripere
268 2176 298 2227 et
315 2173 400 2229 tacita
416 2178 513 2243 peetus
531 2174 675 2230 dulcedine
693 2179 814 2244 tangent.

93 2265 148 2302 nou
165 2249 270 2319 poteris
286 2249 366 2304 factis
382 2250 545 2306 florentibus
561 2268 628 2320 esse,
646 2252 755 2320 tuisque

92 2325 268 2393 praesidium.
287 2326 386 2380 misero
404 2327 510 2381 misere’
529 2328 607 2382 aiunt
625 2329 722 2382 ‘omnia
739 2328 842 2382 ademit

93 2417 155 2454 uua·
166 2400 226 2456 dics
243 2400 343 2459 infesta
361 2402 412 2457 tibi
429 2406 473 2459 tot
490 2403 612 2472 praemia
629 2403 718 2458 vitae?

91 2476 161 2531 illud
178 2477 206 2530 in
223 2477 266 2531 his
284 2478 367 2533 rebus
384 2495 437 2533 nou
454 2479 561 2534 addunt
578 2481 640 2545 ‘uec
657 2479 708 2549 tibi
726 2496 820 2534 earum
910 2496 949 2537 era

92 2552 146 2606 iam
165 2551 332 2608 desiderium
350 2564 442 2608 rerum
461 2571 543 2624 super
560 2555 662 2613 insidet
679 2557 748 2610 uua'

93 2627 169 2695 quod
185 2626 257 2684 hene
274 2629 297 2683 si
315 2630 428 2687 rideant
444 2631 534 2685 auium
552 2629 687 2701 dictisque
706 2639 862 2700 sequantur,

17 2739 20 2743 -
92 2703 244 2759 dissoluant
261 2706 343 2759 animi
361 2723 458 2774 magno
475 2722 505 2760 sc
523 2723 624 2775 augore
641 2712 793 2778 metuque„

93 2779 137 2828 ‘tu
154 2778 268 2843 quidem
284 2784 316 2834 ut
333 2797 364 2834 es
381 2781 437 2835 leto
455 2782 567 2870 sopitus,
585 2781 623 2837 sio
641 2783 695 2836 cris
711 2785 771 2838 aevi

93 2924 124 2971 at
141 2935 191 2971 uos
206 2921 332 2979 horrifico
349 2929 510 2985 cinefactum
528 2937 557 2986 te
575 2949 660 3001 prope
677 2933 758 2988 busto

93 2990 285 3048 insatiabiliter
302 2999 468 3069 deflevimus,
484 3011 681 3077 aeternumque

95 3061 171 3114 nulla
187 3062 246 3116 dies
263 3069 342 3123 nobis
358 3090 509 3133 maerorem
528 3098 544 3135 e
560 3086 671 3151 pectore
689 3083 798 3161 demet?

93 2850 168 2914 quod
186 2857 312 2915 superest
329 2855 433 2909 cunctis
450 2857 565 2924 privatu'
583 2856 722 2912 doloribus
739 2854 836 2927 aegris.
909 2874 948 2915 aa
