2190 3398
90 27 129 85 54
494 22 529 79 ll

88 128 210 197 eorporis
226 131 311 196 atque
327 126 410 181 animi
427 126 520 197 pergit
536 126 702 182 conlrrndere
719 144 822 185 sensus.
932 170 936 175 -

88 204 277 261 dissoluuntur
293 204 366 258 enim
382 204 522 272 positurae
539 203 733 272 principiorum

87 284 117 336 et
134 279 245 350 penitus
263 282 353 332 motus
370 277 467 332 uitales
485 277 670 347 inpediuntur,

88 356 175 411 donec
192 355 328 422 stratones,
346 354 434 408 omnis
451 370 581 409 concussa
598 371 648 424 per
665 360 751 426 artus,

86 432 177 491 vitalis
195 432 300 486 animae
318 430 404 485 nodos
420 447 438 484 a
454 446 567 500 corporo
585 431 666 486 soluit
907 449 948 492 aro

87 509 292 578 dispersamque
310 507 384 561 ieras
400 523 451 576 per
466 507 559 562 caulas
576 507 656 562 eiecit
673 509 767 563 ornaris
840 552 845 561 .

86 602 150 640 nam
167 584 234 655 quid
252 587 396 653 practerea
412 584 503 638 iacere
520 584 606 638 ictum
623 601 703 654 posse
721 601 830 640 reamur

86 661 217 730 oblatum,
235 661 286 714 nisi
305 659 442 715 discutere
460 676 491 715 ae
508 660 658 717 dissolvero
675 664 818 732 quaequel

86 737 119 791 fit
136 752 245 806 quoquo
262 736 304 791 uti
322 737 427 790 sulcant
444 736 534 791 urinas
551 736 644 792 oblato
662 737 762 792 acriter
779 738 836 793 ictu

86 813 186 881 reliqiri
204 816 294 869 motus
312 812 402 867 uitalis
420 812 528 867 vincere
545 829 634 882 saepe,
905 829 946 870 aaa

86 889 201 957 vincere,
218 891 248 943 et
266 888 384 956 urgentis
402 888 499 957 plagae
516 887 614 942 sedare
632 888 767 943 tumultus

85 963 167 1032 inque
185 981 249 1019 suos
266 964 396 1033 qrricquid
414 981 509 1019 rursm
525 980 654 1019 rovocare
670 969 778 1020 meatus

86 1043 116 1094 et
133 1041 211 1111 quasi
227 1040 282 1094 ianr
300 1041 349 1095 leti
367 1040 553 1095 dominantem
571 1041 599 1094 in
617 1056 731 1110 corpore
748 1044 854 1097 metum

87 1115 225 1173 discutere
243 1133 275 1172 ac
292 1134 379 1188 [arene
396 1117 509 1171 amissos
526 1118 677 1172 accendero
694 1133 796 1173 sensus.

87 1211 150 1248 nom
167 1211 252 1264 quare
271 1194 362 1264 potius
379 1194 428 1248 leti
446 1194 500 1248 iam
517 1193 611 1247 linrine
628 1193 664 1247 ab
681 1193 740 1261 ipso
902 1208 944 1250 soe

87 1271 123 1325 ad
141 1271 225 1325 uitam
243 1271 329 1339 possit
347 1270 469 1325 conlecta
486 1273 580 1324 mente
597 1271 707 1333 reverti,

87 1364 169 1415 quarn
187 1364 242 1416 quo
260 1347 406 1402 decursum
423 1363 509 1416 prope
526 1345 581 1400 iam
599 1347 653 1401 siet
671 1347 711 1401 ire
728 1348 758 1401 ct
774 1345 869 1403 abirei

87 1427 231 1491 praetcrea
248 1425 375 1492 quoniam
393 1423 472 1477 dolor
489 1427 533 1477 est
550 1422 597 1479 ubi
615 1422 740 1477 materiai

87 1516 201 1568 corpora
218 1500 244 1554 vi
262 1500 381 1569 quadam
398 1516 448 1568 per
465 1499 569 1553 viscera
587 1499 647 1552 viva
664 1515 715 1567 per
732 1501 809 1552 artus

88 1576 234 1630 sollicitata
251 1577 307 1629 suis
325 1575 466 1646 trepidant
483 1575 511 1629 in
529 1574 641 1629 sedibus
658 1575 740 1641 intus,
901 1589 942 1631 aas

86 1652 168 1720 inqua
186 1651 275 1706 locum
293 1651 402 1722 quando
420 1651 578 1720 remigrant‚
596 1651 629 1705 iit
646 1651 747 1705 blanda
763 1649 897 1720 uoluptas,

86 1728 155 1781 seire
172 1727 237 1781 licet
254 1729 328 1782 nullo
345 1727 497 1797 primordia
514 1744 593 1797 possa
611 1727 705 1781 dolore

85 1803 215 1871 temptari
233 1804 390 1873 nullamque
409 1805 578 1872 voluptatem
595 1820 694 1873 capere
711 1819 746 1857 ex
764 1819 809 1869 se;

85 1879 306 1951 quandoquidem
325 1898 378 1934 nrm
396 1884 466 1944 sunt
483 1897 518 1934 cx
536 1880 598 1933 ullis
615 1879 810 1949 principiorum

85 1955 251 2025 corporibus,
269 1973 386 2030 quorum
403 1961 494 2011 motus
511 1957 634 2010 novitate
652 1954 777 2013 laborent
900 1971 942 2013 ero

85 2036 134 2086 aut
151 2032 270 2103 aliquem
288 2033 407 2088 fructum
424 2033 534 2103 capiant
551 2032 704 2087 dulcedinis
721 2032 816 2090 almae.

84 2109 153 2165 haut
170 2109 256 2178 igitur
273 2109 377 2164 debent
394 2125 455 2164 esse
472 2109 528 2163 ullo
545 2109 672 2179 praedita
689 2125 777 2163 sensu

120 2186 246 2256 Denique
263 2185 305 2240 uti
321 2187 428 2255 possint
446 2185 549 2241 sentire
566 2185 693 2240 animalia
710 2201 843 2253 quaeque,

83 2262 224 2333 principiis
242 2261 266 2316 si
283 2261 338 2316 iarn
356 2265 399 2317 est
417 2278 513 2317 sensus
530 2262 693 2317 tribuendus
710 2277 811 2324 eorum,

82 2339 155 2408 quid,
166 2355 253 2407 genus
264 2338 412 2392 humanum
423 2340 568 2408 propritim
581 2339 616 2393 de
627 2337 721 2405 quibu*
733 2337 881 2393 factumst?
900 2352 938 2394 art

84 2415 188 2471 seilicet
205 2418 235 2469 et
251 2415 309 2469 risu
327 2415 446 2470 tremulo
464 2432 591 2470 concussa
609 2414 771 2469 cachinnant

83 2495 114 2545 et
130 2490 249 2546 lacrimis
267 2494 400 2560 spargunt
417 2492 574 2545 rorantibus
592 2508 640 2545 ora
656 2507 795 2559 genasque

84 2567 225 2637 multaque
243 2568 279 2622 de
296 2583 389 2621 rerum
406 2567 529 2621 mixtura
546 2567 636 2622 dicere
654 2566 755 2620 callent

84 2647 113 2697 ct
129 2643 182 2699 sibi
200 2659 332 2713 proporro
350 2661 422 2712 quaa
439 2644 494 2698 sint
511 2643 660 2712 primordia
677 2644 829 2710 quaerunt3

83 2719 305 2788 quandoquidem
322 2721 390 2774 totis
408 2719 569 2775 mortalibus
586 2719 751 2774 adsimulata
899 2732 937 2772 aso

83 2792 143 2859 ipsa
160 2811 267 2861 quoque
285 2812 320 2849 ex
338 2797 398 2851 aliis
416 2796 519 2850 debent
536 2799 661 2849 constare
678 2795 830 2864 elementis,

83 2866 148 2917 inde
166 2866 218 2918 alia
235 2884 270 2920 ex
287 2869 356 2936 aliis,
373 2887 508 2940 nusquam
525 2870 674 2924 consistere
692 2875 724 2924 ut
741 2871 829 2926 ausis:

84 2939 186 3005 quippe
203 2956 308 3008 sequar,
327 2947 518 3012 quodcumque
535 2945 608 3012 loqui
626 2944 774 3013 ridereque
792 2946 868 3002 dices

85 3015 114 3063 et
132 3027 235 3078 sapere,
252 3030 288 3066 ex
305 3017 365 3068 aliis
383 3020 480 3071 eadem
497 3020 564 3072 lracc
581 3019 795 3076 facientibus'ut
812 3021 856 3076 sit.

85 3083 159 3150 quod
177 3084 200 3135 si
217 3085 304 3138 delira
321 3088 388 3142 haee
405 3092 560 3158 furiosaque
578 3095 714 3148 cernimus
731 3112 792 3150 esse
901 3117 936 3156 aa

139 3357 580 3368 Q
604 3365 609 3367 Α
