2138 3404
499 121 555 158 m

102 253 185 293 causa
202 240 232 292 et
254 254 317 293 cam
340 239 473 293 erationis
493 239 703 311 sententiaeque
723 239 909 311 detrimente’,
919 248 962 303 ut

103 324 195 380 verbis
206 327 271 380 utar
283 324 416 395 Madvigii
429 324 535 380 emend
548 325 606 379 Liv.
615 341 642 394 p.
652 330 711 394 123,
719 325 818 381 ubivir
828 328 961 429 eruditis

103 412 187 466 simus
198 410 251 466 hec
260 411 391 480 loquendi
402 427 490 480 genus
500 410 628 465 illustrat

154 503 205 557 768
239 498 304 552 libri
316 513 433 553 runem·
468 497 661 553 Lachmauuus
669 497 770 566 sulpit.

153 591 206 642 805
239 585 303 641 libri
321 600 447 640 Ριιιιιιιι.
487 583 677 638 Lachmuuuus
691 584 803 654 passim
821 585 884 640 sine
903 587 961 642 ulla

102 688 190 726 ceusu
224 672 332 726 namin
348 677 399 728 988
417 687 527 741 queque
544 671 680 727 mortalia
696 672 787 726 saecla
804 671 957 728 humanum
1050 716 1051 723 ,

102 773 195 825 genus,
206 773 260 810 aon
272 773 353 811 omne
362 774 450 826 genum
461 756 629 812 animantum
641 756 783 824 significat.

154 846 206 896 854
240 857 292 911 pre
315 856 449 896 ιιινιιιιιιι
468 841 564 911 scripsi
583 858 646 895 cum
666 840 817 910 Bernaysie
837 848 958 897 meunt.

102 929 130 983 in
142 929 282 998 superiore
292 944 375 982 versu
385 945 435 996 pro
447 944 563 982 neuneu
578 927 771 982 Lachmannus
784 943 868 982 avere
880 928 958 997 qued
1051 980 1052 1003 ,

103 1030 165 1067 cum
176 1013 406 1082 praecedentibus
417 1013 564 1082 coniungit

155 1105 204 1155 881
241 1098 393 1170 quadratus
405 1115 460 1154 rau
478 1115 524 1153 urs
540 1115 578 1154 ur
594 1115 651 1155 ιοιι
669 1113 807 1154 saumas
842 1114 958 1167 pressu
1050 1134 1051 1159 ι

103 1185 237 1255 abluamus
256 1201 306 1242 err.
341 1186 578 1256 scripsisseque
597 1203 656 1241 νιοιι
679 1193 724 1240 ιιι
743 1203 809 1254 ραν.
841 1204 904 1255 ραν
926 1187 956 1240 in

103 1273 226 1342 mungine
236 1273 355 1343 primum
371 1273 540 1342 adscriptum
556 1272 642 1327 fuisse
653 1272 729 1326 videt
717 1276 771 1340 t,ur
781 1272 835 1326 ut
825 1289 853 1324 m
865 1271 956 1326 lecum

103 1360 189 1430 inepti
205 1378 279 1430 pars
298 1363 505 1430 supponeretur,
519 1358 651 1413 ctindc
643 1375 672 1412 ru
683 1375 792 1412 uersum
805 1359 956 1427 irrepsisse.

104 1447 293 1502 Lachmanuus
311 1447 412 1515 partis
434 1453 467 1499 ut
489 1445 517 1498 ei
535 1460 602 1514 ραν,
624 1445 699 1514 qued
722 1445 770 1499 uix
792 1445 957 1514 intellegere

104 1549 220 1600 pessum
256 1535 379 1603 loquitur
396 1537 479 1602 poeta
492 1533 528 1586 de
543 1531 627 1585 rebus
640 1548 676 1585 ex
693 1530 853 1600 alienigenis
869 1548 956 1586 mem-
1053 1548 1054 1571 ι

104 1616 160 1671 bris
172 1619 211 1671 ita
223 1619 378 1687 compactis,
385 1619 451 1671 ut
427 1635 467 1671 vra
477 1622 506 1673 ct
517 1620 641 1686 potestas
648 1617 955 1687 utriusquepartisnen

104 1704 172 1758 setis
182 1720 234 1772 pur
244 1719 306 1758 esse
313 1704 407 1772 possit

155 1794 208 1844 888
240 1805 292 1858 pro
304 1803 420 1841 summm
432 1805 528 1858 scnpsr
538 1806 630 1857 puero
642 1789 690 1843 elle
702 1789 769 1856 (olel.
804 1742 957 1845 Lachman-
1054 1770 1055 1819 ἷ

103 1887 156 1925 nus
173 1888 235 1925 cum
255 1871 376 1926 Arantie
388 1873 497 1940 pueris,
516 1890 571 1941 que
586 1872 645 1926 ‘nil’
661 1873 720 1927 ait‘
730 1875 779 1927 aut
796 1873 903 1927 uerius
907 1891 957 1928 ex-

103 1956 218 2026 cogitari
230 1961 322 2026 petest
333 1961 382 2012 aut
393 1958 548 2028 pulchrius.

155 2050 203 2098 901
240 2061 375 2099 verorum
388 2044 430 2099 ed
445 2046 518 2099 lunt.
530 2049 593 2115 post
605 2046 721 2115 quidem
736 2045 839 2101 addidi
869 2046 958 2102 Lach-

102 2144 218 2183 manuus
228 2129 257 2182 in
268 2129 402 2199 principie
414 2146 510 2184 versus
521 2131 651 2199 denique.

155 2221 206 2271 923
239 2217 501 2287 promseripsires.
535 2217 725 2270 Luehruannus
738 2217 788 2272 eie

154 2306 204 2362 947
239 2321 290 2374 pro
308 2319 472 2358 emulemur
491 2303 627 2372 Perbiger
643 2304 747 2372 optime
763 2302 863 2357 Claru'
878 2302 957 2358 citet.

103 2388 293 2443 Lachmanuus
314 2390 475 2458 Olaripitut,
495 2389 569 2457 qued
592 2406 643 2443 nec
663 2389 765 2443 dicitur
785 2389 884 2444 Latine
903 2406 958 2443 nec

103 2474 158 2527 dici
175 2477 269 2543 potest
282 2489 340 2543 nec,
352 2476 375 2528 si
391 2475 537 2544 diceretur,
550 2476 625 2545 qued
639 2476 686 2530 illc
697 2476 789 2541 uoluit,
801 2474 958 2543 significare

102 2563 203 2627 posset.

154 2649 204 2703 975
240 2644 392 2700 rectissime
409 2645 572 2714 Naugerius,
589 2663 644 2700 nen
661 2648 805 2714 Aventius,
821 2651 885 2717 pest
903 2651 957 2705 967

102 2733 277 2802 transposuit.
303 2732 361 2787 ‘hic
385 2732 476 2786 omnia
498 2733 568 2785 mira
592 2733 663 2786 suut’
684 2732 724 2786 ait
748 2731 957 2800 Luchnrannus;

101 2819 140 2871 nil
158 2822 252 2887 tamen
268 2819 420 2873 mirabilius
437 2835 519 2887 quam
536 2817 611 2886 qued
622 2819 681 2885 ipse
693 2817 790 2871 effecit
825 2836 889 2872 nam
902 2824 956 2877 979

102 2902 130 2952 in
143 2900 198 2954 due
212 2917 308 2955 uersus
325 2903 485 2955 dimidiatos
498 2901 618 2967 diremit,
631 2917 748 2970 quorum
765 2903 847 2956 unius
863 2905 956 2974 linens,

102 2983 217 3036 ulterius
233 2984 341 3037 initium
358 2987 530 3040 intercidisse
546 2987 621 3051 rult3
646 2987 747 3041 deiude
765 2990 816 3044 975
834 2990 958 3044 medium

104 3066 180 3119 inter
188 3067 238 3119 has
249 3083 376 3120 versuum
388 3073 482 3136 partes
494 3070 617 3133 collocat,
631 3070 738 3124 adiecta
749 3072 834 3125 tetius
846 3078 958 3128 senten-

105 3149 163 3203 tiae
177 3150 325 3204 durissima
339 3153 574 3219 interpretatione.
609 3171 660 3221 ege
676 3157 769 3207 autem
786 3158 837 3213 979
856 3158 959 3213 leniter
