2190 3398
548 107 583 164 II
951 107 990 164 43

136 211 260 268 carmina
277 209 409 266 consimili
425 210 533 265 ratione
551 225 683 278 oppressa
699 210 818 265 silerent.

134 305 254 356 namque
271 287 332 341 aliis
346 285 424 340 aliud
437 286 626 356 praestantius
642 290 809 341 exereretur.

135 365 239 419 cedere
256 365 324 419 item
341 366 417 417 retro
434 366 548 432 possent
564 362 593 415 in
603 362 763 418 'deteriores

135 442 228 495 emnia
243 441 283 495 sic
300 440 394 509 pertis,
412 443 444 494 ut
461 438 578 493 diximus
595 439 624 492 in
641 440 770 493 melioris.

134 533 255 586 iramque
272 516 332 570 aliis
349 514 424 569 aliud
441 519 517 571 retrc
535 531 644 584 quoque
661 517 778 571 taetrius
794 518 870 572 esset
955 533 989 573 515

134 592 249 647 naribus
266 592 377 646 auribus
394 595 478 660 atque
496 592 580 646 oculis
598 582 706 660 critque
724 593 822 663 sapori.

135 685 208 738 quae
225 669 351 736 quoniam
368 684 422 722 uon
441 671 512 735 sunt,
530 668 579 722 eccl
594 667 677 722 rebus
692 670 804 725 reddite
823 672 901 725 certa

95 765 100 774 ·
134 745 198 799 finis
213 746 353 814 utrimque
369 748 447 799 tenet
465 761 607 813 summam,
623 745 728 799 fateare
744 748 883 802 necessest

136 821 282 876 materiem
300 838 407 890 quoquc
425 822 508 875 finitis
526 821 638 876 differre
656 822 758 890 figuris.

135 896 255 965 denique
272 897 307 951 ab
323 897 486 966 ignibuslad
503 897 608 965 gelidas
626 898 680 959 iter
696 915 782 967 usque
799 899 911 968 pruinas
951 914 990 956 515

134 973 272 1027 finitumst
288 977 418 1042 retroque
435 973 495 1043 peri
513 974 617 1028 ratione
635 979 824 1030 remensumst.

135 1050 240 1104 extima
256 1051 328 1104 enim
346 1050 420 1104 calci·
437 1065 470 1104 ac
486 1049 580 1117 frigm,
599 1050 736 1121 mediique
753 1055 865 1121 tepores

133 1126 323 1195 interutraque
339 1127 430 1180 iacent
447 1126 590 1195 explentes
608 1126 704 1181 ordine
722 1145 863 1183 summam,

135 1218 202 1271 ergo
219 1203 298 1257 finite
314 1203 419 1258 distant
435 1203 547 1256 ratione·
560 1206 660 1271 creata,

133 1279 248 1349 ancipiti
265 1279 394 1346 quoniam
410 1277 532 1332 mucroni
548 1278 686 1346 utrimque
703 1281 840 1347 notantur,
953 1295 990 1335 sm

133 1354 198 1409 hinc
215 1349 422 1410 flammis'illinc
439 1354 534 1423 rigidis
552 1354 653 1409 infesta
669 1356 781 1423 pruinis.

170 1431 251 1497 Quod
268 1430 396 1500 quoniam
414 1431 502 1498 docui,
520 1447 635 1500 pergam
653 1432 797 1484 conectere
815 1446 874 1486 rem
892 1447 962 1499 quac

134 1524 170 1561 cx
188 1507 239 1562 hcc
257 1510 324 1576 apta
341 1507 425 1560 fidem
443 1507 534 1575 ducet,
551 1506 702 1576 primordia
719 1523 819 1574 rerum,

132 1585 207 1638 inter
218 1598 255 1638 ‘se
272 1583 353 1637 simili
372 1599 442 1652 quae
460 1586 523 1637 sunt
540 1583 664 1650 perfecta
682 1583 779 1652 ligura,

132 1661 242 1719 infinita
259 1661 358 1716 cluere.
376 1659 478 1714 etenim
496 1659 627 1713 distentia
644 1676 706 1713 cum
726 1660 762 1714 sit
951 1675 988 1715 555

133 1736 282 1790 formarum
299 1737 385 1806 linita
403 1751 515 1791 necesse
533 1738 576 1789 est
594 1752 663 1804 quae
681 1736 782 1790 similes
800 1737 857 1794 sint

134 1828 195 1866 esse
211 1813 331 1867 infinitas
348 1815 396 1866 aut
414 1827 547 1867 summam
565 1812 690 1866 materiai

134 1889 240 1943 finitam
258 1893 392 1958 constare,
409 1888 440 1943 id
457 1887 533 1958 quod
549 1905 604 1943 non
622 1905 682 1942 esse
700 1889 813 1958 probavi

135 1965 259 2019 versibus
276 1965 424 2019 ostendens
441 1963 602 2034 corpuscula
618 1966 743 2020 materiai
938 2024 942 2029 ,

133 2057 169 2096 ex
185 2040 293 2096 infinito
311 2058 444 2095 summam
461 2057 555 2094 rermn
571 2057 658 2108 usque
676 2044 780 2110 tenere,
950 2057 987 2097 555

133 2117 257 2185 undique
273 2117 380 2186 protelo
398 2118 540 2188 plagarum
558 2117 723 2191 continuata

133 2210 198 2247 nam
215 2194 290 2263 qnod
306 2210 369 2247 rara
386 2194 463 2248 vides
480 2193 567 2261 magis
585 2210 645 2248 5555
663 2188 788 2248 animalia
805 2195 940 2264 quaedam

125 2270 332 2340 ‘fecundamque
349 2271 438 2324 minus
456 2273 582 2324 naturam
600 2271 688 2324 cernis
705 2270 733 2324 in
750 2271 827 2338 illis,-

134 2349 165 2400 at
182 2347 293 2415 regione
309 2347 422 2416 locoque
441 2347 493 2402 alio
512 2347 648 2415 terrisque
666 2348 778 2401 remotis

133 2423 221 2476 multa
232 2423 298 2477 licet
308 2440 409 2493 genere
421 2441 481 2479 esse
499 2425 527 2477 in
539 2440 572 2479 ec
584 2439 780 2492 numerumque
792 2422 909 2493 repleri;
950 2440 987 2479 555

134 2499 204 2553 sicut
222 2500 422 2569 quadripedum
441 2517 502 2554 cum
520 2499 615 2569 primis
634 2514 694 2554 esse
712 2499 836 2554 ridemus

132 2574 162 2627 in
178 2592 281 2644 genere
299 2577 477 2646 anguimanus
488 2577 662 2646 elephantos,
680 2574 762 2630 India
779 2592 895 2644 quorum

132 2650 243 2706 milibus
261 2658 283 2707 e'
294 2652 389 2707 multis
406 2654 477 2708 vallo
495 2653 619 2708 munitur
636 2652 747 2721 eburno,

131 2729 165 2780 ut
182 2727 292 2795 penitus
309 2733 428 2799 nequeat
444 2730 597 2799 penetrari:
615 2731 693 2783 tanta
709 2728 829 2782 ferarum

132 2802 174 2855 vis
193 2807 244 2870 est,
263 2822 377 2873 quarum
396 2823 446 2860 nos
463 2823 601 2877 perpauca
618 2802 744 2874 exempla
761 2804 893 2861 videmus.
949 2822 985 2861 545

121 2878 184 2932 scd
201 2882 294 2935 tamen
312 2881 342 2935 id
359 2899 468 2951 quoque
485 2885 528 2937 nti
546 2881 702 2950 concedam,
720 2879 880 2948 quemlubet
898 2885 958 2936 esto

131 2955 212 3009 unies
229 2972 275 3010 res
292 2957 427 3026 quaedam
444 2960 537 3013 nativo
555 2974 669 3028 corpore
687 2956 751 3021 sola,

131 3030 177 3084 cui
195 3032 291 3086 similis
309 3037 368 3089 tcto
385 3039 523 3090 terrarum
540 3035 622 3088 aella
640 3033 676 3085 sit
693 3031 768 3096 orbi;

131 3107 240 3163 infinita
256 3112 348 3164 tamen
367 3111 418 3166 nisi
438 3109 491 3164 erit
508 3109 550 3163 vis
567 3105 692 3162 materiai

130 3183 207 3240 smde
224 3201 259 3241 ea
275 3188 400 3256 progigni
418 3187 506 3256 possit
523 3185 662 3250 concepta,
681 3177 768 3231 creari
947 3184 985 3223 555

1022 3310 1081 3378 Δ
