2176 3404
549 81 580 136 V

140 185 234 240 omnia
251 183 386 240 diluviare
402 201 437 239 ex
455 185 512 239 alto
529 184 640 254 gurgite
656 187 742 255 ponti,

140 262 318 330 nequiquam,
336 261 463 329 quoniam
482 264 624 316 verrentes
640 277 760 331 aequora
776 264 853 318 venti

140 338 306 392 deminuunt
324 337 462 406 radiisque
479 341 608 392 retexens
625 339 763 393 aetherius
781 340 829 407 sol,

139 418 171 469 ct
188 414 292 468 siccare
309 414 386 482 prius
403 415 545 471 confidunt
562 415 652 468 omnia
669 431 749 484 posse
958 431 996 471 aco

139 507 226 559 quam
244 490 334 559 liquor
350 489 453 558 incepti
471 490 558 558 possit
575 490 734 558 contingere
751 491 840 545 finem

140 569 251 620 tantum
270 566 405 634 spirantes
423 581 510 634 aequo
528 566 678 620 certamine
695 566 796 620 bellum

138 642 247 710 maguis
265 641 540 695 intersereretur
558 658 672 696 cernere
690 646 805 709 certant,

137 734 203 772 cum
221 717 306 772 semei
323 717 431 771 interea
448 717 533 772 fuerit
550 717 724 787 superantior
741 718 812 786 ignis

138 797 170 848 ot
187 794 281 861 semel,
299 797 332 847 ut
350 793 422 847 fama
440 797 490 861 est,
508 809 587 847 umor
604 794 727 862 regnarit
745 795 774 847 in
792 795 870 851 arvis.
958 811 994 851 aas

136 870 210 938 iguis
228 870 300 924 enim
319 874 430 938 superat
448 874 477 924 et
495 869 618 923 lambens
636 870 723 924 multa
740 872 867 940 perussit,

137 946 280 1000 ariacum
299 946 471 1000 Phaethonta
488 962 573 1014 rapax
591 945 632 1000 vis
650 946 714 1000 solis
731 962 865 1016 equorum

138 1023 254 1076 aethere
271 1023 390 1091 raptavit
408 1026 468 1077 toto
486 1028 631 1091 terrasque
649 1039 699 1091 per
716 1023 810 1089 omnia

136 1102 169 1152 at
185 1104 267 1167 pater
284 1098 455 1166 omnipotens
472 1098 591 1152 iratum
608 1098 730 1167 percitus
746 1100 803 1154 aeri

137 1174 342 1243 magnanimum
360 1173 535 1228 Phaethonta
552 1174 660 1243 repenti
677 1175 799 1229 fulminis
816 1176 874 1232 ictu
957 1189 993 1232 400

138 1250 299 1305 deturbavit
317 1250 396 1319 equis
413 1251 441 1304 iu
460 1254 571 1316 terram,
590 1250 684 1318 solque
702 1250 813 1306 cadenti

137 1326 235 1381 obrius
253 1329 393 1380 aeternam
411 1326 533 1394 succepit
546 1326 679 1395 ,lampada
696 1327 792 1381 mundi

136 1403 321 1471 disiectosque
339 1401 448 1470 redegit
466 1419 552 1470 equos
569 1402 713 1471 iunxitque
731 1405 883 1472 trementis,

135 1479 204 1534 inde
221 1496 301 1532 suum
318 1496 369 1548 per
386 1478 440 1532 iter
458 1478 593 1532 recrearit
610 1482 707 1533 cuncta
724 1479 886 1548 gubernans,

136 1556 242 1609 scilicet
259 1559 291 1609 ut
307 1559 417 1609 veteres
435 1554 549 1609 Graium
566 1554 689 1609 cecinere
706 1559 812 1623 poetae.
954 1571 990 1610 eos

134 1631 212 1700 quod
229 1630 323 1702 procui
342 1648 359 1684 a
376 1647 442 1684 vera
459 1631 540 1684 nimis
558 1635 601 1685 est
619 1632 725 1684 ratione
742 1632 889 1700 repulsum.

135 1708 208 1776 ignis
226 1708 299 1762 enim
317 1723 446 1775 superare
464 1710 558 1774 potest
574 1705 621 1759 ubi
638 1706 764 1760 materiai

134 1801 172 1838 ex
189 1783 296 1837 infinito
314 1786 379 1837 sunt
396 1799 510 1851 corpora
526 1783 606 1850 plura
623 1786 731 1848 coorta3

133 1860 201 1913 inde
218 1859 320 1914 cadunt
337 1859 410 1912 vires
428 1859 521 1927 aliqua
537 1859 642 1913 ratione
659 1858 787 1928 revictae,

135 1940 186 1990 aut
203 1939 320 2004 pereunt
337 1952 385 1989 res
399 1938 513 1988 exustae
530 1934 700 1989 torrentibus
717 1936 797 1990 auris.
952 1951 989 1992 no

133 2029 215 2066 umor
232 2013 299 2066 item
317 2011 455 2081 qnondam
473 2012 563 2080 eoepit
581 2027 709 2079 superare
727 2015 845 2081 coortus,

133 2092 167 2143 ut
184 2089 259 2142 fama
276 2093 326 2156 est,
343 2088 484 2141 hominum
502 2088 602 2142 multas
621 2087 730 2156 quando
749 2088 840 2144 obruit
857 2089 941 2158 urbis.

133 2165 200 2219 inde
216 2164 265 2219 ubi
283 2166 324 2219 vis
342 2165 433 2234 aliqua
451 2164 557 2219 ratione
575 2181 670 2219 auersa
687 2165 808 2233 recessit,

134 2258 171 2296 ex
188 2242 297 2297 infinito
314 2242 404 2296 fuerat
422 2257 609 2309 quaecumque
626 2244 727 2310 coorta,

135 2319 322 2374 constiterunt
339 2318 443 2372 imbres
461 2321 490 2371 et
507 2317 619 2371 flumina
636 2317 692 2371 vim
709 2318 874 2372 minuenmt.
951 2331 987 2372 415

171 2395 228 2450 Sed
246 2395 345 2463 quibus
362 2394 409 2448 ille
426 2394 515 2448 modis
533 2394 671 2448 coniectus
690 2394 814 2448 materiai

134 2471 260 2525 fundarit
277 2475 380 2525 terram
398 2473 427 2526 ct
445 2471 550 2525 caelum
567 2471 699 2540 pontique
716 2469 859 2539 profunda,

135 2548 202 2601 solis
219 2548 292 2601 lunai
310 2564 412 2617 cursus,
430 2564 465 2601 ex
483 2547 578 2600 ordine
596 2564 701 2616 ponam.

136 2640 200 2677 nam
218 2627 293 2679 certe
310 2641 401 2693 neque
419 2623 529 2678 consilio
546 2624 696 2693 primordia
713 2641 806 2678 rernm

135 2699 233 2754 ordine
250 2716 280 2754 se
298 2717 348 2754 suo
365 2717 490 2770 quaeque
507 2701 597 2768 sagaci
614 2704 707 2755 mente
724 2701 847 2754 locarunt
951 2713 987 2753 rao

135 2793 187 2830 nec
205 2793 273 2846 quos
291 2794 416 2846 quaeque
434 2777 533 2831 darent
550 2781 641 2831 motus
658 2776 789 2844 pepigere
806 2775 936 2843 profecto,

136 2851 187 2906 sed
205 2853 269 2920 quia
286 2853 373 2906 multa
389 2853 478 2906 modis
495 2853 589 2907 multis
606 2852 756 2920 primordia
772 2867 866 2906 rerum

136 2945 171 2981 ex
189 2929 295 2983 infinito
313 2929 367 2983 iam
384 2933 508 2998 tempore
526 2928 631 2998 percita
647 2927 734 2995 plagis

135 3001 358 3073 ponderibusque
375 3004 431 3057 suris
447 3007 614 3057 consuerunt
631 3004 738 3057 concita
756 3003 823 3055 ferri

135 3080 444 3149 omnimodisqueeoire
461 3082 545 3147 atque
562 3077 653 3130 omnia
670 3079 863 3144 pertemptare,
950 3094 991 3132 425.

136 3171 325 3227 quaecumque
341 3155 414 3208 inter
431 3168 461 3207 se
478 3153 590 3220 possent
607 3165 753 3217 congressa
769 3165 868 3216 creare,
