2176 3404
551 111 600 167 VI
933 110 989 168 169

135 213 165 266 in
183 212 315 267 maredo
333 215 409 268 eaelo
426 214 583 282 descendat,
601 232 684 284 quam
702 216 775 269 treta
791 216 893 270 oireum

135 289 296 343 fervescunt
313 290 436 359 graviter
453 291 622 360 spirantibus
638 290 723 344 incita
740 291 841 360 flabris,

135 369 165 419 et
183 380 372 435 quaecumque
389 367 418 419 in
437 384 470 420 eo
487 371 547 421 tum
566 368 621 421 sint
639 367 774 436 deprensa
791 368 910 423 tumultu

134 442 245 509 navigia
261 441 290 495 in
308 459 444 496 summum
462 443 574 497 veniant
591 447 691 497 vexata
707 443 847 512 periclum.
955 459 992 498 rso

134 518 188 572 hoo
206 518 240 572 fit
257 518 304 572 ubi
321 518 461 573 interdum
478 536 532 573 non
551 521 611 588 quit
628 519 670 573 vis
688 519 772 573 inuita
788 521 864 575 venti

134 610 265 664 rumpere
281 611 365 665 quam
382 596 474 665 eoepit
490 595 599 660 nubem,
618 595 668 649 sed
686 595 826 665 deprimit,
844 600 876 651 ut
894 597 930 651 sit

134 669 163 723 in
181 686 258 725 mare
276 671 312 725 de
330 672 405 725 eaelo
422 675 564 740 tamquam
581 671 702 726 demissa
718 671 852 739 columna,

134 743 276 814 paulatim,
293 746 371 814 quasi
388 745 457 815 quid
473 762 565 815 pugno
582 746 749 815 branchique
768 764 887 817 superne

134 820 260 876 oonieotu
277 822 409 877 trudatur
425 825 455 877 et
472 823 640 877 extendatur
657 823 686 876 in
704 822 809 889 undas;
953 839 990 877 ιιι

134 912 219 966 quam
236 914 300 952 oum
318 897 437 966 discidit,
454 899 518 955 hine
536 899 724 969 prorumpitur
740 899 769 952 in
786 916 862 955 mare
879 902 953 955 vont‘

133 973 176 1027 vis
194 977 226 1028 et
242 974 377 1028 fervorem
394 975 492 1028 mirum
512 975 655 1028 concinnet
672 975 700 1029 in
717 975 805 1030 undis.

134 1050 324 1104 versabundus
342 1051 415 1104 enim
432 1051 515 1105 turbo
533 1051 678 1106 deseendit
695 1055 725 1107 et
741 1052 816 1106 illam

134 1125 251 1182 deducit
267 1127 372 1196 pariter
388 1128 464 1182 lento
482 1145 545 1182 eum
562 1145 676 1197 corpore
693 1128 810 1194 nubem;

134 1219 219 1270 quam
230 1202 310 1256 simul
319 1219 354 1260 ao
364 1204 508 1273 gravidam
520 1204 640 1258 detrusit
652 1202 688 1257 ad
700 1220 821 1274 aequora
831 1206 917 1275 ponti,
952 1221 989 1259 oso

133 1279 182 1333 ille
198 1279 228 1334 in
245 1295 345 1348 squam
363 1279 454 1334 subito
470 1284 561 1334 totum
578 1297 609 1334 se
626 1280 741 1335 inmittit
758 1284 788 1336 et
805 1298 885 1336 omne

135 1355 241 1410 excitat
257 1353 363 1425 ingenti
382 1357 473 1410 sonitu
490 1373 567 1411 mare
583 1356 692 1411 fervere
709 1373 815 1425 cogens.

135 1432 168 1485 tit
186 1447 296 1501 quoquo
312 1434 346 1485 nt
362 1431 482 1486 involvat
500 1433 575 1486 venti
592 1449 623 1487 se
640 1432 759 1488 nubibus
776 1435 835 1503 ipso

134 1512 232 1563 vertex
250 1507 402 1562 oonradens
420 1524 455 1562 ex
472 1525 536 1563 aere
553 1509 657 1564 semina
673 1509 754 1564 nubis

136 1588 166 1638 et
184 1584 263 1652 quasi
281 1583 429 1639 demissum
447 1584 522 1638 eaelo
539 1590 665 1653 prestera
681 1585 812 1640 imitetur.
951 1600 987 1638 ιιι

134 1659 180 1714 hio
198 1658 247 1714 ubi
265 1660 339 1714 sein
357 1663 448 1714 terras
466 1661 578 1715 demisit
595 1660 783 1730 dissoluitque,

134 1735 253 1789 turbinis
269 1736 406 1791 inmanem
423 1738 478 1790 vim
494 1738 631 1806 provomit
648 1741 731 1806 atquo
748 1738 891 1807 procellae.

135 1812 186 1865 sed
203 1812 270 1881 quia
287 1812 320 1868 fit
336 1829 400 1867 raro
417 1814 525 1866 omnino
543 1813 697 1881 montisque
715 1817 855 1869 necessest

135 1888 244 1942 officere
261 1888 290 1942 in
308 1889 397 1954 terris,
415 1895 532 1959 apparet
548 1890 671 1943 crebrius
687 1890 761 1944 idem

133 1968 283 2034 prospectu
300 1966 384 2019 maris
400 1967 428 2019 in
445 1982 544 2033 magno
562 1965 822 2035 caeloquepatensi.
950 1984 987 2022 aso

170 2040 273 2094 Nubila
289 2046 476 2110 concrescunt,
494 2041 541 2095 ubi
558 2059 671 2112 corpora
688 2044 776 2098 multa
792 2042 908 2098 volando

134 2117 187 2171 hoe
206 2133 304 2186 supero
321 2118 355 2171 in‘
367 2118 436 2172 caeli
453 2119 542 2187 spatio
560 2119 650 2174 ooiere
666 2123 782 2188 repento

134 2194 281 2262 asperiora,
298 2194 383 2248 moris
401 2211 471 2262 quae
488 2195 595 2263 possint
612 2195 775 2264 indupedita

133 2269 242 2338 exiguis
259 2273 353 2324 tamon
370 2270 444 2325 inter
462 2287 491 2324 se
509 2287 668 2339 comprensa
685 2272 780 2326 teneri.

133 2345 202 2399 haee
218 2345 324 2400 faciunt
340 2347 460 2417 primum
477 2363 575 2416 parvas
592 2348 741 2402 consistere
758 2347 860 2413 nubes;
949 2364 986 2403 ιιι

133 2421 200 2475 inde
217 2421 285 2476 haee
303 2423 503 2493 comprendunt
519 2424 593 2477 inter
611 2440 640 2477 se
658 2439 763 2493 conque
780 2428 930 2492 gregantm

134 2501 164 2552 et
181 2498 370 2567 coniungendo
387 2504 515 2554 creseunt
531 2500 676 2567 ventisque
692 2501 818 2554 feruntur

133 2591 221 2644 usquo
238 2574 308 2629 adeo
327 2575 414 2630 donee
430 2579 582 2646 tempestas
600 2592 681 2630 saeva
697 2581 826 2631 coortast.

135 2652 168 2705 fit
185 2668 295 2721 quoquo
312 2652 355 2706 uti
372 2654 472 2707 montis
490 2652 577 2706 vicina
594 2653 733 2707 eacumina
750 2654 824 2708 eaelo

135 2744 220 2796 quam
232 2729 287 2782 sint
300 2744 408 2798 quoque
420 2730 514 2797 nragis,
526 2732 604 2783 tauto
616 2730 702 2798 magis
714 2730 791 2785 edita
802 2730 909 2786 fument
951 2746 987 2785 roo

136 2803 254 2859 adsidue
269 2804 365 2859 furvae
382 2805 463 2859 nubis
480 2806 595 2873 ealigine
611 2822 703 2860 crassa

138 2884 286 2950 propteroa
304 2881 375 2950 quia,
393 2898 455 2935 eum
472 2881 624 2936 consistunt
642 2882 736 2935 nubila
752 2883 879 2953 primum,

137 2960 203 3011 ante
219 2957 314 3010 videro
332 2957 403 3011 oeuli
420 2973 502 3027 quam
520 2957 632 3026 possint,
649 2959 748 3027 tenvia,
765 2960 840 3014 venti

137 3036 281 3103 portantes
299 3037 401 3100 cogunt
417 3034 454 3086 ad
472 3050 577 3086 summa
594 3035 734 3088 cacumina
751 3036 860 3089 montis.

137 3109 183 3163 hio
200 3109 312 3163 demum
329 3109 363 3162 iit
379 3109 421 3161 uti
438 3107 520 3160 turba
537 3109 639 3162 maiore
657 3113 750 3163 coorta
952 3125 988 3164 ιιι

138 3189 168 3240 et
185 3184 322 3238 oondensa
338 3186 441 3250 queant
458 3199 592 3250 apparere
610 3188 639 3238 ot
657 3184 737 3237 simul
755 3184 814 3251 ipso

1008 3292 1073 3368 Δ
