<?xml version="1.0" encoding="UTF-8"?>
<!DOCTYPE html PUBLIC "-//W3C//DTD XHTML 1.0 Transitional//EN"
    "http://www.w3.org/TR/xhtml1/DTD/xhtml1-transitional.dtd">
<html xmlns="http://www.w3.org/1999/xhtml" xml:lang="en" lang="en">
 <head>
  <title>
</title>
<meta http-equiv="Content-Type" content="text/html;charset=utf-8" />
  <meta name='ocr-system' content='tesseract 3.04.00' />
  <meta name='ocr-capabilities' content='ocr_page ocr_carea ocr_par ocr_line ocrx_word'/>
</head>
<body>
  <div class='ocr_page' id='page_1' title='image "./tlucreticarider08munrgoog_0161.png"; bbox 0 0 2190 3398; ppageno 0'>
   <div class='ocr_carea' id='block_1_1' title="bbox 89 73 552 137">
    <p class='ocr_par' dir='ltr' id='par_1_1' title="bbox 89 73 552 137">
     <span class='ocr_line' id='line_1_1' title="bbox 89 73 552 137; baseline -0.015 0"><span class='ocrx_word' id='word_1_1' title='bbox 89 79 146 137; x_wconf 76' lang='lat'>112</span> <span class='ocrx_word' id='word_1_2' title='bbox 478 73 552 131; x_wconf 94' lang='lat' dir='ltr'>IIII</span> 
     </span>
    </p>
   </div>
   <div class='ocr_carea' id='block_1_2' title="bbox 69 174 951 3063">
    <p class='ocr_par' dir='ltr' id='par_1_2' title="bbox 69 174 951 1530">
     <span class='ocr_line' id='line_1_2' title="bbox 84 174 802 252; baseline -0.014 -14"><span class='ocrx_word' id='word_1_3' title='bbox 84 182 204 252; x_wconf 86' lang='lat' dir='ltr'>eorporis</span> <span class='ocrx_word' id='word_1_4' title='bbox 221 183 306 249; x_wconf 89' lang='lat' dir='ltr'>atque</span> <span class='ocrx_word' id='word_1_5' title='bbox 323 178 412 233; x_wconf 89' lang='lat' dir='ltr'>animi.</span> <span class='ocrx_word' id='word_1_6' title='bbox 429 178 462 234; x_wconf 87' lang='lat' dir='ltr'>fit</span> <span class='ocrx_word' id='word_1_7' title='bbox 479 180 522 233; x_wconf 89' lang='lat' dir='ltr'>uti</span> <span class='ocrx_word' id='word_1_8' title='bbox 539 194 603 248; x_wconf 86' lang='lat' dir='ltr'>pars</span> <span class='ocrx_word' id='word_1_9' title='bbox 620 176 685 230; x_wconf 91' lang='lat' dir='ltr'>inde</span> <span class='ocrx_word' id='word_1_10' title='bbox 702 174 802 229; x_wconf 87' lang='lat' dir='ltr'>animai</span> 
     </span>
     <span class='ocr_line' id='line_1_3' title="bbox 83 251 943 324; baseline -0.01 -11"><span class='ocrx_word' id='word_1_11' title='bbox 83 259 200 314; x_wconf 77' lang='lat' dir='ltr'><strong>eiciatur</strong></span> <span class='ocrx_word' id='word_1_12' title='bbox 217 266 246 311; x_wconf 88' lang='lat' dir='ltr'>et</span> <span class='ocrx_word' id='word_1_13' title='bbox 263 259 411 310; x_wconf 80' lang='lat' dir='ltr'><strong>introrsum</strong></span> <span class='ocrx_word' id='word_1_14' title='bbox 429 270 494 324; x_wconf 84' lang='lat' dir='ltr'>pars</span> <span class='ocrx_word' id='word_1_15' title='bbox 511 254 606 307; x_wconf 86' lang='lat' dir='ltr'>abdita</span> <span class='ocrx_word' id='word_1_16' title='bbox 623 251 713 320; x_wconf 83' lang='lat' dir='ltr'>cedat,</span> <span class='ocrx_word' id='word_1_17' title='bbox 904 265 943 304; x_wconf 80' lang='lat' dir='ltr'>ars</span> 
     </span>
     <span class='ocr_line' id='line_1_4' title="bbox 84 332 815 405; baseline -0.012 -15"><span class='ocrx_word' id='word_1_18' title='bbox 84 352 148 405; x_wconf 89' lang='lat' dir='ltr'>pars</span> <span class='ocrx_word' id='word_1_19' title='bbox 165 334 249 389; x_wconf 88' lang='lat' dir='ltr'>ctiam</span> <span class='ocrx_word' id='word_1_20' title='bbox 267 333 402 386; x_wconf 87' lang='lat' dir='ltr'>distracta</span> <span class='ocrx_word' id='word_1_21' title='bbox 418 348 469 401; x_wconf 90' lang='lat' dir='ltr'>per</span> <span class='ocrx_word' id='word_1_22' title='bbox 486 338 564 384; x_wconf 88' lang='lat' dir='ltr'>artus</span> <span class='ocrx_word' id='word_1_23' title='bbox 580 346 634 383; x_wconf 91' lang='lat' dir='ltr'>non</span> <span class='ocrx_word' id='word_1_24' title='bbox 653 332 737 397; x_wconf 81' lang='lat' dir='ltr'>queat</span> <span class='ocrx_word' id='word_1_25' title='bbox 754 343 815 381; x_wconf 86' lang='lat' dir='ltr'>esse</span> 
     </span>
     <span class='ocr_line' id='line_1_5' title="bbox 84 404 786 476; baseline -0.013 -10"><span class='ocrx_word' id='word_1_26' title='bbox 84 412 228 466; x_wconf 88' lang='lat' dir='ltr'>coniuncta</span> <span class='ocrx_word' id='word_1_27' title='bbox 244 411 317 462; x_wconf 89' lang='lat' dir='ltr'>inter</span> <span class='ocrx_word' id='word_1_28' title='bbox 334 424 364 461; x_wconf 88' lang='lat' dir='ltr'>se</span> <span class='ocrx_word' id='word_1_29' title='bbox 381 423 471 476; x_wconf 89' lang='lat' dir='ltr'>neque</span> <span class='ocrx_word' id='word_1_30' title='bbox 488 411 565 461; x_wconf 90' lang='lat' dir='ltr'>motu</span> <span class='ocrx_word' id='word_1_31' title='bbox 582 410 678 459; x_wconf 85' lang='lat' dir='ltr'>mutua</span> <span class='ocrx_word' id='word_1_32' title='bbox 696 404 786 472; x_wconf 80' lang='lat' dir='ltr'>fungi3</span> 
     </span>
     <span class='ocr_line' id='line_1_6' title="bbox 83 483 726 551; baseline -0.009 -10"><span class='ocrx_word' id='word_1_33' title='bbox 83 487 157 543; x_wconf 90' lang='lat' dir='ltr'>inter</span> <span class='ocrx_word' id='word_1_34' title='bbox 175 488 246 542; x_wconf 88' lang='lat' dir='ltr'>enim</span> <span class='ocrx_word' id='word_1_35' title='bbox 265 484 353 551; x_wconf 80' lang='lat' dir='ltr'><strong>saepit</strong></span> <span class='ocrx_word' id='word_1_36' title='bbox 371 488 465 539; x_wconf 89' lang='lat' dir='ltr'>coetus</span> <span class='ocrx_word' id='word_1_37' title='bbox 483 488 582 537; x_wconf 84' lang='lat' dir='ltr'>natura</span> <span class='ocrx_word' id='word_1_38' title='bbox 599 483 726 551; x_wconf 76' lang='lat' dir='ltr'>viasqu03</span> 
     </span>
     <span class='ocr_line' id='line_1_7' title="bbox 85 558 690 634; baseline -0.012 -16"><span class='ocrx_word' id='word_1_39' title='bbox 85 581 151 634; x_wconf 80' lang='lat' dir='ltr'>crgo</span> <span class='ocrx_word' id='word_1_40' title='bbox 169 580 264 618; x_wconf 88' lang='lat' dir='ltr'>sensus</span> <span class='ocrx_word' id='word_1_41' title='bbox 281 561 340 615; x_wconf 89' lang='lat' dir='ltr'>abit</span> <span class='ocrx_word' id='word_1_42' title='bbox 357 561 471 615; x_wconf 83' lang='lat' dir='ltr'>mutatis</span> <span class='ocrx_word' id='word_1_43' title='bbox 489 558 610 613; x_wconf 89' lang='lat' dir='ltr'>motibus</span> <span class='ocrx_word' id='word_1_44' title='bbox 627 559 690 612; x_wconf 83' lang='lat' dir='ltr'>alto.</span> 
     </span>
     <span class='ocr_line' id='line_1_8' title="bbox 84 635 951 710; baseline -0.008 -14"><span class='ocrx_word' id='word_1_45' title='bbox 84 644 115 696; x_wconf 90' lang='lat' dir='ltr'>ct</span> <span class='ocrx_word' id='word_1_46' title='bbox 132 641 258 710; x_wconf 91' lang='lat' dir='ltr'>quoniam</span> <span class='ocrx_word' id='word_1_47' title='bbox 275 655 330 692; x_wconf 89' lang='lat' dir='ltr'>non</span> <span class='ocrx_word' id='word_1_48' title='bbox 348 641 392 692; x_wconf 87' lang='lat' dir='ltr'>est</span> <span class='ocrx_word' id='word_1_49' title='bbox 410 636 487 707; x_wconf 88' lang='lat' dir='ltr'>quasi</span> <span class='ocrx_word' id='word_1_50' title='bbox 504 635 579 704; x_wconf 90' lang='lat' dir='ltr'>quod</span> <span class='ocrx_word' id='word_1_51' title='bbox 596 635 733 689; x_wconf 86' lang='lat' dir='ltr'>suffulciat</span> <span class='ocrx_word' id='word_1_52' title='bbox 749 637 833 697; x_wconf 77' lang='lat' dir='ltr'>artus,</span> <span class='ocrx_word' id='word_1_53' title='bbox 905 648 951 689; x_wconf 50' lang='lat' dir='ltr'>aco*</span> 
     </span>
     <span class='ocr_line' id='line_1_9' title="bbox 69 709 848 784; baseline -0.008 -15"><span class='ocrx_word' id='word_1_54' title='bbox 69 717 176 772; x_wconf 36' lang='lat' dir='ltr'>*debile</span> <span class='ocrx_word' id='word_1_55' title='bbox 193 716 226 771; x_wconf 89' lang='lat' dir='ltr'>fit</span> <span class='ocrx_word' id='word_1_56' title='bbox 243 731 343 784; x_wconf 90' lang='lat' dir='ltr'>corpus</span> <span class='ocrx_word' id='word_1_57' title='bbox 359 714 593 782; x_wconf 74' lang='lat' dir='ltr'>languescuntque</span> <span class='ocrx_word' id='word_1_58' title='bbox 610 712 700 766; x_wconf 89' lang='lat' dir='ltr'>omnia</span> <span class='ocrx_word' id='word_1_59' title='bbox 717 709 848 778; x_wconf 84' lang='lat' dir='ltr'>membra,</span> 
     </span>
     <span class='ocr_line' id='line_1_10' title="bbox 84 785 869 861; baseline -0.009 -16"><span class='ocrx_word' id='word_1_60' title='bbox 84 791 213 846; x_wconf 86' lang='lat' dir='ltr'>bracchia</span> <span class='ocrx_word' id='word_1_61' title='bbox 230 790 431 861; x_wconf 69' lang='lat' dir='ltr'>palpebraeque</span> <span class='ocrx_word' id='word_1_62' title='bbox 448 788 551 843; x_wconf 83' lang='lat' dir='ltr'>cadunt</span> <span class='ocrx_word' id='word_1_63' title='bbox 568 788 740 858; x_wconf 85' lang='lat' dir='ltr'>poplitesque</span> <span class='ocrx_word' id='word_1_64' title='bbox 757 785 869 840; x_wconf 86' lang='lat' dir='ltr'>cubanti</span> 
     </span>
     <span class='ocr_line' id='line_1_11' title="bbox 86 863 805 936; baseline -0.01 -14"><span class='ocrx_word' id='word_1_65' title='bbox 86 884 167 936; x_wconf 81' lang='lat' dir='ltr'>saepe</span> <span class='ocrx_word' id='word_1_66' title='bbox 186 872 278 921; x_wconf 81' lang='lat' dir='ltr'>taurea</span> <span class='ocrx_word' id='word_1_67' title='bbox 295 867 505 920; x_wconf 89' lang='lat' dir='ltr'>summittuntur</span> <span class='ocrx_word' id='word_1_68' title='bbox 522 864 642 931; x_wconf 77' lang='lat' dir='ltr'>virisque</span> <span class='ocrx_word' id='word_1_69' title='bbox 658 863 805 918; x_wconf 86' lang='lat' dir='ltr'>resolvunt.</span> 
     </span>
     <span class='ocr_line' id='line_1_12' title="bbox 85 938 905 1011; baseline -0.007 -15"><span class='ocrx_word' id='word_1_70' title='bbox 85 944 185 998; x_wconf 85' lang='lat' dir='ltr'>deinde</span> <span class='ocrx_word' id='word_1_71' title='bbox 202 942 294 997; x_wconf 89' lang='lat' dir='ltr'>cibum</span> <span class='ocrx_word' id='word_1_72' title='bbox 311 942 435 1011; x_wconf 88' lang='lat' dir='ltr'>sequitur</span> <span class='ocrx_word' id='word_1_73' title='bbox 452 957 569 1008; x_wconf 79' lang='lat' dir='ltr'>somnne,</span> <span class='ocrx_word' id='word_1_74' title='bbox 587 942 658 1010; x_wconf 74' lang='lat' dir='ltr'>quia,</span> <span class='ocrx_word' id='word_1_75' title='bbox 676 955 747 1007; x_wconf 90' lang='lat' dir='ltr'>quac</span> <span class='ocrx_word' id='word_1_76' title='bbox 763 938 830 992; x_wconf 84' lang='lat' dir='ltr'>facit</span> <span class='ocrx_word' id='word_1_77' title='bbox 847 954 905 1005; x_wconf 84' lang='lat' dir='ltr'>aer,</span> 
     </span>
     <span class='ocr_line' id='line_1_13' title="bbox 86 1015 943 1085; baseline -0.008 -12"><span class='ocrx_word' id='word_1_78' title='bbox 86 1020 153 1075; x_wconf 88' lang='lat' dir='ltr'>lraec</span> <span class='ocrx_word' id='word_1_79' title='bbox 171 1019 269 1074; x_wconf 91' lang='lat' dir='ltr'>eadem</span> <span class='ocrx_word' id='word_1_80' title='bbox 286 1018 371 1085; x_wconf 85' lang='lat' dir='ltr'>cibus,</span> <span class='ocrx_word' id='word_1_81' title='bbox 388 1019 417 1071; x_wconf 86' lang='lat' dir='ltr'>in</span> <span class='ocrx_word' id='word_1_82' title='bbox 435 1034 517 1072; x_wconf 79' lang='lat' dir='ltr'>renas</span> <span class='ocrx_word' id='word_1_83' title='bbox 535 1017 601 1070; x_wconf 92' lang='lat' dir='ltr'>dum</span> <span class='ocrx_word' id='word_1_84' title='bbox 618 1017 724 1070; x_wconf 87' lang='lat' dir='ltr'>diditur</span> <span class='ocrx_word' id='word_1_85' title='bbox 741 1015 836 1080; x_wconf 86' lang='lat' dir='ltr'>omnis,</span> <span class='ocrx_word' id='word_1_86' title='bbox 902 1029 943 1068; x_wconf 76' lang='lat' dir='ltr'>ass</span> 
     </span>
     <span class='ocr_line' id='line_1_14' title="bbox 86 1094 790 1163; baseline -0.007 -13"><span class='ocrx_word' id='word_1_87' title='bbox 86 1095 175 1150; x_wconf 90' lang='lat' dir='ltr'>efficit.</span> <span class='ocrx_word' id='word_1_88' title='bbox 192 1099 222 1150; x_wconf 91' lang='lat' dir='ltr'>et</span> <span class='ocrx_word' id='word_1_89' title='bbox 238 1094 325 1149; x_wconf 91' lang='lat' dir='ltr'>multo</span> <span class='ocrx_word' id='word_1_90' title='bbox 343 1110 424 1163; x_wconf 87' lang='lat' dir='ltr'>sopor</span> <span class='ocrx_word' id='word_1_91' title='bbox 441 1094 487 1147; x_wconf 85' lang='lat' dir='ltr'>illc</span> <span class='ocrx_word' id='word_1_92' title='bbox 504 1094 680 1161; x_wconf 83' lang='lat' dir='ltr'>gravissimus</span> <span class='ocrx_word' id='word_1_93' title='bbox 697 1095 790 1146; x_wconf 86' lang='lat' dir='ltr'>exstat</span> 
     </span>
     <span class='ocr_line' id='line_1_15' title="bbox 86 1169 890 1241; baseline -0.006 -15"><span class='ocrx_word' id='word_1_94' title='bbox 86 1189 168 1241; x_wconf 91' lang='lat' dir='ltr'>quem</span> <span class='ocrx_word' id='word_1_95' title='bbox 186 1174 263 1226; x_wconf 85' lang='lat' dir='ltr'>satur</span> <span class='ocrx_word' id='word_1_96' title='bbox 280 1174 328 1225; x_wconf 88' lang='lat' dir='ltr'>aut</span> <span class='ocrx_word' id='word_1_97' title='bbox 345 1170 433 1224; x_wconf 87' lang='lat' dir='ltr'>lassus</span> <span class='ocrx_word' id='word_1_98' title='bbox 450 1170 549 1237; x_wconf 89' lang='lat' dir='ltr'>capias,</span> <span class='ocrx_word' id='word_1_99' title='bbox 567 1170 631 1238; x_wconf 89' lang='lat' dir='ltr'>quia</span> <span class='ocrx_word' id='word_1_100' title='bbox 647 1169 764 1237; x_wconf 89' lang='lat' dir='ltr'>plurima</span> <span class='ocrx_word' id='word_1_101' title='bbox 781 1172 841 1221; x_wconf 89' lang='lat' dir='ltr'>tum</span> <span class='ocrx_word' id='word_1_102' title='bbox 859 1182 890 1221; x_wconf 89' lang='lat' dir='ltr'>sc</span> 
     </span>
     <span class='ocr_line' id='line_1_16' title="bbox 86 1243 750 1317; baseline -0.006 -15"><span class='ocrx_word' id='word_1_103' title='bbox 86 1265 202 1317; x_wconf 88' lang='lat' dir='ltr'>corpora</span> <span class='ocrx_word' id='word_1_104' title='bbox 219 1246 385 1302; x_wconf 89' lang='lat' dir='ltr'>conturbant</span> <span class='ocrx_word' id='word_1_105' title='bbox 402 1261 500 1313; x_wconf 82' lang='lat' dir='ltr'>magno</span> <span class='ocrx_word' id='word_1_106' title='bbox 518 1250 632 1299; x_wconf 86' lang='lat' dir='ltr'>contusa</span> <span class='ocrx_word' id='word_1_107' title='bbox 648 1243 750 1298; x_wconf 82' lang='lat' dir='ltr'>labore.</span> 
     </span>
     <span class='ocr_line' id='line_1_17' title="bbox 86 1319 747 1390; baseline -0.006 -12"><span class='ocrx_word' id='word_1_108' title='bbox 86 1324 119 1378; x_wconf 89' lang='lat' dir='ltr'>fit</span> <span class='ocrx_word' id='word_1_109' title='bbox 136 1325 242 1378; x_wconf 89' lang='lat' dir='ltr'>ratione</span> <span class='ocrx_word' id='word_1_110' title='bbox 260 1323 356 1377; x_wconf 88' lang='lat' dir='ltr'>eadem</span> <span class='ocrx_word' id='word_1_111' title='bbox 374 1322 512 1376; x_wconf 87' lang='lat' dir='ltr'>coniectus</span> <span class='ocrx_word' id='word_1_112' title='bbox 529 1321 630 1390; x_wconf 88' lang='lat' dir='ltr'>partim</span> <span class='ocrx_word' id='word_1_113' title='bbox 648 1319 747 1374; x_wconf 89' lang='lat' dir='ltr'>animai</span> 
     </span>
     <span class='ocr_line' id='line_1_18' title="bbox 86 1396 942 1469; baseline -0.005 -16"><span class='ocrx_word' id='word_1_114' title='bbox 86 1399 167 1454; x_wconf 87' lang='lat' dir='ltr'>altior</span> <span class='ocrx_word' id='word_1_115' title='bbox 184 1403 269 1469; x_wconf 89' lang='lat' dir='ltr'>atque</span> <span class='ocrx_word' id='word_1_116' title='bbox 285 1399 358 1453; x_wconf 85' lang='lat' dir='ltr'>foras</span> <span class='ocrx_word' id='word_1_117' title='bbox 376 1397 479 1452; x_wconf 89' lang='lat' dir='ltr'>eiectus</span> <span class='ocrx_word' id='word_1_118' title='bbox 496 1396 597 1465; x_wconf 72' lang='lat' dir='ltr'>largior</span> <span class='ocrx_word' id='word_1_119' title='bbox 614 1397 680 1463; x_wconf 83' lang='lat' dir='ltr'>eius,</span> <span class='ocrx_word' id='word_1_120' title='bbox 902 1410 942 1450; x_wconf 84' lang='lat' dir='ltr'>aaa</span> 
     </span>
     <span class='ocr_line' id='line_1_19' title="bbox 87 1473 730 1530; baseline -0.003 -1"><span class='ocrx_word' id='word_1_121' title='bbox 87 1479 116 1529; x_wconf 89' lang='lat' dir='ltr'>ct</span> <span class='ocrx_word' id='word_1_122' title='bbox 133 1476 245 1530; x_wconf 85' lang='lat' dir='ltr'>divisior</span> <span class='ocrx_word' id='word_1_123' title='bbox 262 1476 335 1530; x_wconf 89' lang='lat' dir='ltr'>inter</span> <span class='ocrx_word' id='word_1_124' title='bbox 353 1491 382 1528; x_wconf 88' lang='lat' dir='ltr'>se</span> <span class='ocrx_word' id='word_1_125' title='bbox 399 1490 431 1527; x_wconf 87' lang='lat' dir='ltr'>ae</span> <span class='ocrx_word' id='word_1_126' title='bbox 448 1473 605 1527; x_wconf 78' lang='lat' dir='ltr'><strong>distractior</strong></span> <span class='ocrx_word' id='word_1_127' title='bbox 621 1473 650 1526; x_wconf 90' lang='lat' dir='ltr'>in</span> <span class='ocrx_word' id='word_1_128' title='bbox 667 1476 730 1527; x_wconf 82' lang='lat' dir='ltr'>test.</span> 
     </span>
    </p>

    <p class='ocr_par' dir='ltr' id='par_1_3' title="bbox 86 1548 941 3063">
     <span class='ocr_line' id='line_1_20' title="bbox 122 1548 861 1620; baseline -0.004 -16"><span class='ocrx_word' id='word_1_129' title='bbox 122 1553 159 1606; x_wconf 81' lang='lat' dir='ltr'>Et</span> <span class='ocrx_word' id='word_1_130' title='bbox 176 1568 230 1620; x_wconf 91' lang='lat' dir='ltr'>quo</span> <span class='ocrx_word' id='word_1_131' title='bbox 248 1553 363 1620; x_wconf 88' lang='lat' dir='ltr'>quisque</span> <span class='ocrx_word' id='word_1_132' title='bbox 380 1551 439 1604; x_wconf 84' lang='lat' dir='ltr'>fere</span> <span class='ocrx_word' id='word_1_133' title='bbox 457 1550 548 1604; x_wconf 89' lang='lat' dir='ltr'>studio</span> <span class='ocrx_word' id='word_1_134' title='bbox 566 1549 711 1604; x_wconf 82' lang='lat' dir='ltr'>devinctus</span> <span class='ocrx_word' id='word_1_135' title='bbox 728 1548 861 1602; x_wconf 79' lang='lat' dir='ltr'>adhaeret</span> 
     </span>
     <span class='ocr_line' id='line_1_21' title="bbox 86 1625 839 1696; baseline -0.004 -15"><span class='ocrx_word' id='word_1_136' title='bbox 86 1631 135 1682; x_wconf 89' lang='lat' dir='ltr'>aut</span> <span class='ocrx_word' id='word_1_137' title='bbox 152 1629 250 1696; x_wconf 88' lang='lat' dir='ltr'>quibus</span> <span class='ocrx_word' id='word_1_138' title='bbox 268 1628 296 1681; x_wconf 92' lang='lat' dir='ltr'>in</span> <span class='ocrx_word' id='word_1_139' title='bbox 314 1626 396 1681; x_wconf 88' lang='lat' dir='ltr'>rebus</span> <span class='ocrx_word' id='word_1_140' title='bbox 413 1625 529 1680; x_wconf 88' lang='lat' dir='ltr'>multum</span> <span class='ocrx_word' id='word_1_141' title='bbox 548 1642 642 1679; x_wconf 88' lang='lat' dir='ltr'>sumus</span> <span class='ocrx_word' id='word_1_142' title='bbox 658 1629 723 1680; x_wconf 84' lang='lat' dir='ltr'>ante</span> <span class='ocrx_word' id='word_1_143' title='bbox 740 1625 839 1678; x_wconf 75' lang='lat' dir='ltr'>irrorati</span> 
     </span>
     <span class='ocr_line' id='line_1_22' title="bbox 87 1702 811 1772; baseline -0.003 -16"><span class='ocrx_word' id='word_1_144' title='bbox 87 1708 170 1772; x_wconf 84' lang='lat' dir='ltr'>atque</span> <span class='ocrx_word' id='word_1_145' title='bbox 187 1705 215 1756; x_wconf 89' lang='lat' dir='ltr'>in</span> <span class='ocrx_word' id='word_1_146' title='bbox 233 1720 266 1757; x_wconf 88' lang='lat' dir='ltr'>aa</span> <span class='ocrx_word' id='word_1_147' title='bbox 283 1704 388 1758; x_wconf 87' lang='lat' dir='ltr'>ratione</span> <span class='ocrx_word' id='word_1_148' title='bbox 405 1702 459 1756; x_wconf 85' lang='lat' dir='ltr'>fuit</span> <span class='ocrx_word' id='word_1_149' title='bbox 476 1705 606 1757; x_wconf 89' lang='lat' dir='ltr'>contenta</span> <span class='ocrx_word' id='word_1_150' title='bbox 623 1702 709 1769; x_wconf 78' lang='lat' dir='ltr'>magis</span> <span class='ocrx_word' id='word_1_151' title='bbox 726 1717 811 1765; x_wconf 82' lang='lat' dir='ltr'>mens,</span> 
     </span>
     <span class='ocr_line' id='line_1_23' title="bbox 86 1777 941 1850; baseline -0.001 -16"><span class='ocrx_word' id='word_1_152' title='bbox 86 1781 115 1834; x_wconf 92' lang='lat' dir='ltr'>in</span> <span class='ocrx_word' id='word_1_153' title='bbox 133 1780 234 1833; x_wconf 90' lang='lat' dir='ltr'>somnis</span> <span class='ocrx_word' id='word_1_154' title='bbox 252 1779 349 1834; x_wconf 87' lang='lat' dir='ltr'>eadem</span> <span class='ocrx_word' id='word_1_155' title='bbox 367 1780 527 1850; x_wconf 88' lang='lat' dir='ltr'>plerumque</span> <span class='ocrx_word' id='word_1_156' title='bbox 544 1779 670 1833; x_wconf 81' lang='lat' dir='ltr'>videmur</span> <span class='ocrx_word' id='word_1_157' title='bbox 687 1777 778 1843; x_wconf 79' lang='lat' dir='ltr'>oblrc3</span> <span class='ocrx_word' id='word_1_158' title='bbox 902 1792 941 1833; x_wconf 75' lang='lat' dir='ltr'>aas</span> 
     </span>
     <span class='ocr_line' id='line_1_24' title="bbox 86 1855 751 1924; baseline 0 -16"><span class='ocrx_word' id='word_1_159' title='bbox 86 1855 214 1909; x_wconf 81' lang='lat' dir='ltr'>causidici</span> <span class='ocrx_word' id='word_1_160' title='bbox 231 1871 326 1909; x_wconf 84' lang='lat' dir='ltr'>causae</span> <span class='ocrx_word' id='word_1_161' title='bbox 343 1872 425 1924; x_wconf 80' lang='lat' dir='ltr'>agere</span> <span class='ocrx_word' id='word_1_162' title='bbox 443 1858 472 1910; x_wconf 93' lang='lat' dir='ltr'>et</span> <span class='ocrx_word' id='word_1_163' title='bbox 489 1871 652 1922; x_wconf 86' lang='lat' dir='ltr'>componere</span> <span class='ocrx_word' id='word_1_164' title='bbox 669 1855 751 1923; x_wconf 85' lang='lat' dir='ltr'>leges,</span> 
     </span>
     <span class='ocr_line' id='line_1_25' title="bbox 87 1931 805 2001; baseline -0.003 -18"><span class='ocrx_word' id='word_1_165' title='bbox 87 1931 296 2000; x_wconf 84' lang='lat' dir='ltr'>induperatores</span> <span class='ocrx_word' id='word_1_166' title='bbox 313 1948 436 2000; x_wconf 80' lang='lat' dir='ltr'>pugnare</span> <span class='ocrx_word' id='word_1_167' title='bbox 453 1948 486 1986; x_wconf 89' lang='lat' dir='ltr'>ac</span> <span class='ocrx_word' id='word_1_168' title='bbox 502 1932 607 2001; x_wconf 90' lang='lat' dir='ltr'>proelia</span> <span class='ocrx_word' id='word_1_169' title='bbox 624 1931 709 1994; x_wconf 83' lang='lat' dir='ltr'>obire,</span> <span class='ocrx_word' id='word_1_170' title='bbox 799 1968 805 1981; x_wconf 87' lang='lat'><strong>.</strong></span> 
     </span>
     <span class='ocr_line' id='line_1_26' title="bbox 87 2005 810 2075; baseline -0.004 -14"><span class='ocrx_word' id='word_1_171' title='bbox 87 2012 188 2062; x_wconf 88' lang='lat' dir='ltr'>nautae</span> <span class='ocrx_word' id='word_1_172' title='bbox 205 2011 376 2062; x_wconf 86' lang='lat' dir='ltr'>contractum</span> <span class='ocrx_word' id='word_1_173' title='bbox 394 2025 457 2064; x_wconf 89' lang='lat' dir='ltr'>cum</span> <span class='ocrx_word' id='word_1_174' title='bbox 474 2009 564 2062; x_wconf 83' lang='lat' dir='ltr'>uentis</span> <span class='ocrx_word' id='word_1_175' title='bbox 581 2008 684 2075; x_wconf 81' lang='lat' dir='ltr'>degere</span> <span class='ocrx_word' id='word_1_176' title='bbox 701 2005 810 2072; x_wconf 84' lang='lat' dir='ltr'>bellum,</span> 
     </span>
     <span class='ocr_line' id='line_1_27' title="bbox 87 2084 864 2154; baseline -0.004 -16"><span class='ocrx_word' id='word_1_177' title='bbox 87 2101 136 2140; x_wconf 88' lang='lat' dir='ltr'>uos</span> <span class='ocrx_word' id='word_1_178' title='bbox 153 2101 236 2154; x_wconf 83' lang='lat' dir='ltr'>agere</span> <span class='ocrx_word' id='word_1_179' title='bbox 252 2084 303 2140; x_wconf 90' lang='lat' dir='ltr'>hoc</span> <span class='ocrx_word' id='word_1_180' title='bbox 320 2089 414 2139; x_wconf 88' lang='lat' dir='ltr'>autem</span> <span class='ocrx_word' id='word_1_181' title='bbox 430 2089 461 2139; x_wconf 86' lang='lat' dir='ltr'>et</span> <span class='ocrx_word' id='word_1_182' title='bbox 478 2089 603 2138; x_wconf 81' lang='lat' dir='ltr'>naurram</span> <span class='ocrx_word' id='word_1_183' title='bbox 621 2099 754 2152; x_wconf 87' lang='lat' dir='ltr'>quaerere</span> <span class='ocrx_word' id='word_1_184' title='bbox 771 2098 864 2137; x_wconf 88' lang='lat' dir='ltr'>rerum</span> 
     </span>
     <span class='ocr_line' id='line_1_28' title="bbox 87 2159 941 2231; baseline -0.002 -16"><span class='ocrx_word' id='word_1_185' title='bbox 87 2177 196 2231; x_wconf 87' lang='lat' dir='ltr'>semper</span> <span class='ocrx_word' id='word_1_186' title='bbox 212 2166 242 2216; x_wconf 89' lang='lat' dir='ltr'>et</span> <span class='ocrx_word' id='word_1_187' title='bbox 258 2161 397 2215; x_wconf 85' lang='lat' dir='ltr'>inventam</span> <span class='ocrx_word' id='word_1_188' title='bbox 413 2161 510 2229; x_wconf 82' lang='lat' dir='ltr'>patriis</span> <span class='ocrx_word' id='word_1_189' title='bbox 527 2176 665 2229; x_wconf 79' lang='lat' dir='ltr'>exponere</span> <span class='ocrx_word' id='word_1_190' title='bbox 681 2159 790 2214; x_wconf 85' lang='lat' dir='ltr'>chartis.</span> <span class='ocrx_word' id='word_1_191' title='bbox 902 2173 941 2213; x_wconf 78' lang='lat' dir='ltr'>aro</span> 
     </span>
     <span class='ocr_line' id='line_1_29' title="bbox 87 2234 863 2305; baseline -0.004 -14"><span class='ocrx_word' id='word_1_192' title='bbox 87 2241 181 2291; x_wconf 90' lang='lat' dir='ltr'>cetera</span> <span class='ocrx_word' id='word_1_193' title='bbox 199 2238 237 2293; x_wconf 92' lang='lat' dir='ltr'>sic</span> <span class='ocrx_word' id='word_1_194' title='bbox 253 2238 346 2292; x_wconf 86' lang='lat' dir='ltr'>studia</span> <span class='ocrx_word' id='word_1_195' title='bbox 363 2239 447 2305; x_wconf 89' lang='lat' dir='ltr'>atque</span> <span class='ocrx_word' id='word_1_196' title='bbox 464 2241 539 2291; x_wconf 87' lang='lat' dir='ltr'>artes</span> <span class='ocrx_word' id='word_1_197' title='bbox 555 2237 716 2304; x_wconf 85' lang='lat' dir='ltr'>plerumque</span> <span class='ocrx_word' id='word_1_198' title='bbox 733 2234 863 2290; x_wconf 86' lang='lat' dir='ltr'>videntur</span> 
     </span>
     <span class='ocr_line' id='line_1_30' title="bbox 86 2313 781 2368; baseline -0.001 -2"><span class='ocrx_word' id='word_1_199' title='bbox 86 2314 115 2366; x_wconf 94' lang='lat' dir='ltr'>in</span> <span class='ocrx_word' id='word_1_200' title='bbox 133 2315 234 2368; x_wconf 88' lang='lat' dir='ltr'>somnis</span> <span class='ocrx_word' id='word_1_201' title='bbox 251 2316 355 2368; x_wconf 89' lang='lat' dir='ltr'>animos</span> <span class='ocrx_word' id='word_1_202' title='bbox 371 2313 511 2367; x_wconf 91' lang='lat' dir='ltr'>hominum</span> <span class='ocrx_word' id='word_1_203' title='bbox 527 2313 662 2366; x_wconf 88' lang='lat' dir='ltr'>frustrata</span> <span class='ocrx_word' id='word_1_204' title='bbox 678 2316 781 2366; x_wconf 84' lang='lat' dir='ltr'>tenere.</span> 
     </span>
     <span class='ocr_line' id='line_1_31' title="bbox 88 2388 746 2459; baseline -0.003 -16"><span class='ocrx_word' id='word_1_205' title='bbox 88 2394 117 2444; x_wconf 91' lang='lat' dir='ltr'>ct</span> <span class='ocrx_word' id='word_1_206' title='bbox 134 2392 296 2459; x_wconf 88' lang='lat' dir='ltr'>quicumque</span> <span class='ocrx_word' id='word_1_207' title='bbox 314 2391 373 2445; x_wconf 88' lang='lat' dir='ltr'>dies</span> <span class='ocrx_word' id='word_1_208' title='bbox 391 2390 491 2444; x_wconf 88' lang='lat' dir='ltr'>multos</span> <span class='ocrx_word' id='word_1_209' title='bbox 508 2405 543 2444; x_wconf 84' lang='lat' dir='ltr'>cx</span> <span class='ocrx_word' id='word_1_210' title='bbox 561 2388 657 2443; x_wconf 89' lang='lat' dir='ltr'>ordine</span> <span class='ocrx_word' id='word_1_211' title='bbox 674 2388 746 2443; x_wconf 88' lang='lat' dir='ltr'>ludis</span> 
     </span>
     <span class='ocr_line' id='line_1_32' title="bbox 88 2463 819 2534; baseline -0.003 -14"><span class='ocrx_word' id='word_1_212' title='bbox 88 2466 216 2520; x_wconf 86' lang='lat' dir='ltr'>adsiduas</span> <span class='ocrx_word' id='word_1_213' title='bbox 233 2467 371 2522; x_wconf 87' lang='lat' dir='ltr'>dederunt</span> <span class='ocrx_word' id='word_1_214' title='bbox 388 2482 493 2534; x_wconf 87' lang='lat' dir='ltr'>operas,</span> <span class='ocrx_word' id='word_1_215' title='bbox 511 2466 670 2533; x_wconf 87' lang='lat' dir='ltr'>plerumque</span> <span class='ocrx_word' id='word_1_216' title='bbox 687 2463 819 2530; x_wconf 84' lang='lat' dir='ltr'>ridemus,</span> 
     </span>
     <span class='ocr_line' id='line_1_33' title="bbox 89 2541 940 2611; baseline -0.005 -14"><span class='ocrx_word' id='word_1_217' title='bbox 89 2560 151 2597; x_wconf 89' lang='lat' dir='ltr'>cum</span> <span class='ocrx_word' id='word_1_218' title='bbox 168 2543 223 2598; x_wconf 88' lang='lat' dir='ltr'>iam</span> <span class='ocrx_word' id='word_1_219' title='bbox 241 2543 409 2598; x_wconf 85' lang='lat' dir='ltr'>destiterunt</span> <span class='ocrx_word' id='word_1_220' title='bbox 426 2558 459 2595; x_wconf 83' lang='lat' dir='ltr'>ca</span> <span class='ocrx_word' id='word_1_221' title='bbox 476 2541 600 2595; x_wconf 88' lang='lat' dir='ltr'>sensibus</span> <span class='ocrx_word' id='word_1_222' title='bbox 618 2556 758 2611; x_wconf 83' lang='lat' dir='ltr'>usurpare,</span> <span class='ocrx_word' id='word_1_223' title='bbox 902 2553 940 2593; x_wconf 69' lang='lat' dir='ltr'>aas</span> 
     </span>
     <span class='ocr_line' id='line_1_34' title="bbox 88 2616 765 2686; baseline -0.004 -14"><span class='ocrx_word' id='word_1_224' title='bbox 88 2619 203 2674; x_wconf 84' lang='lat' dir='ltr'>relicuas</span> <span class='ocrx_word' id='word_1_225' title='bbox 220 2622 312 2674; x_wconf 85' lang='lat' dir='ltr'>tamen</span> <span class='ocrx_word' id='word_1_226' title='bbox 330 2635 390 2673; x_wconf 89' lang='lat' dir='ltr'>esse</span> <span class='ocrx_word' id='word_1_227' title='bbox 408 2619 465 2672; x_wconf 83' lang='lat' dir='ltr'>rias</span> <span class='ocrx_word' id='word_1_228' title='bbox 483 2618 510 2671; x_wconf 92' lang='lat' dir='ltr'>in</span> <span class='ocrx_word' id='word_1_229' title='bbox 528 2621 620 2672; x_wconf 84' lang='lat' dir='ltr'>mente</span> <span class='ocrx_word' id='word_1_230' title='bbox 638 2616 765 2686; x_wconf 86' lang='lat' dir='ltr'>patentis,</span> 
     </span>
     <span class='ocr_line' id='line_1_35' title="bbox 88 2692 764 2765; baseline -0.007 -15"><span class='ocrx_word' id='word_1_231' title='bbox 88 2713 142 2765; x_wconf 89' lang='lat' dir='ltr'>qua</span> <span class='ocrx_word' id='word_1_232' title='bbox 159 2696 264 2765; x_wconf 87' lang='lat' dir='ltr'>possint</span> <span class='ocrx_word' id='word_1_233' title='bbox 281 2696 377 2750; x_wconf 79' lang='lat' dir='ltr'>cadom</span> <span class='ocrx_word' id='word_1_234' title='bbox 395 2711 487 2749; x_wconf 90' lang='lat' dir='ltr'>rerum</span> <span class='ocrx_word' id='word_1_235' title='bbox 506 2693 650 2748; x_wconf 89' lang='lat' dir='ltr'>simulacra</span> <span class='ocrx_word' id='word_1_236' title='bbox 666 2692 764 2746; x_wconf 79' lang='lat' dir='ltr'>uenire.</span> 
     </span>
     <span class='ocr_line' id='line_1_36' title="bbox 87 2768 818 2840; baseline -0.004 -17"><span class='ocrx_word' id='word_1_237' title='bbox 87 2788 138 2839; x_wconf 86' lang='lat' dir='ltr'>por</span> <span class='ocrx_word' id='word_1_238' title='bbox 155 2771 255 2825; x_wconf 90' lang='lat' dir='ltr'>multos</span> <span class='ocrx_word' id='word_1_239' title='bbox 273 2773 365 2840; x_wconf 87' lang='lat' dir='ltr'>itaque</span> <span class='ocrx_word' id='word_1_240' title='bbox 383 2771 429 2824; x_wconf 90' lang='lat' dir='ltr'>illa</span> <span class='ocrx_word' id='word_1_241' title='bbox 446 2770 505 2824; x_wconf 88' lang='lat' dir='ltr'>dies</span> <span class='ocrx_word' id='word_1_242' title='bbox 522 2770 618 2824; x_wconf 88' lang='lat' dir='ltr'>eadem</span> <span class='ocrx_word' id='word_1_243' title='bbox 636 2768 818 2823; x_wconf 68' lang='lat' dir='ltr'>obversantur</span> 
     </span>
     <span class='ocr_line' id='line_1_37' title="bbox 88 2844 743 2913; baseline 0 -17"><span class='ocrx_word' id='word_1_244' title='bbox 88 2850 153 2897; x_wconf 87' lang='lat' dir='ltr'>ante</span> <span class='ocrx_word' id='word_1_245' title='bbox 170 2846 269 2909; x_wconf 87' lang='lat' dir='ltr'>oculos,</span> <span class='ocrx_word' id='word_1_246' title='bbox 287 2849 369 2899; x_wconf 89' lang='lat' dir='ltr'>etiam</span> <span class='ocrx_word' id='word_1_247' title='bbox 388 2846 531 2913; x_wconf 78' lang='lat' dir='ltr'>vigilantes</span> <span class='ocrx_word' id='word_1_248' title='bbox 549 2850 581 2898; x_wconf 88' lang='lat' dir='ltr'>ut</span> <span class='ocrx_word' id='word_1_249' title='bbox 599 2844 743 2899; x_wconf 86' lang='lat' dir='ltr'>videantur</span> 
     </span>
     <span class='ocr_line' id='line_1_38' title="bbox 89 2918 939 2974; baseline 0.004 -5"><span class='ocrx_word' id='word_1_250' title='bbox 89 2933 202 2970; x_wconf 87' lang='lat' dir='ltr'>cernere</span> <span class='ocrx_word' id='word_1_251' title='bbox 219 2919 343 2972; x_wconf 89' lang='lat' dir='ltr'>saltantis</span> <span class='ocrx_word' id='word_1_252' title='bbox 360 2924 390 2973; x_wconf 91' lang='lat' dir='ltr'>ct</span> <span class='ocrx_word' id='word_1_253' title='bbox 406 2920 497 2973; x_wconf 88' lang='lat' dir='ltr'>mollia</span> <span class='ocrx_word' id='word_1_254' title='bbox 514 2919 637 2974; x_wconf 86' lang='lat' dir='ltr'>membra</span> <span class='ocrx_word' id='word_1_255' title='bbox 654 2918 789 2972; x_wconf 84' lang='lat' dir='ltr'>nroventis</span> <span class='ocrx_word' id='word_1_256' title='bbox 901 2932 939 2972; x_wconf 83' lang='lat' dir='ltr'>aaa</span> 
     </span>
     <span class='ocr_line' id='line_1_39' title="bbox 88 2989 875 3063; baseline 0.01 -24"><span class='ocrx_word' id='word_1_257' title='bbox 88 2991 118 3039; x_wconf 89' lang='lat' dir='ltr'>et</span> <span class='ocrx_word' id='word_1_258' title='bbox 135 2989 256 3042; x_wconf 83' lang='lat' dir='ltr'>citharae</span> <span class='ocrx_word' id='word_1_259' title='bbox 273 2992 407 3059; x_wconf 87' lang='lat' dir='ltr'>liquidum</span> <span class='ocrx_word' id='word_1_260' title='bbox 425 3012 533 3049; x_wconf 88' lang='lat' dir='ltr'>carmen</span> <span class='ocrx_word' id='word_1_261' title='bbox 551 2995 721 3063; x_wconf 86' lang='lat' dir='ltr'>chordasque</span> <span class='ocrx_word' id='word_1_262' title='bbox 737 2993 875 3061; x_wconf 89' lang='lat' dir='ltr'>loquentis</span> 
     </span>
    </p>
   </div>
   <div class='ocr_carea' id='block_1_3' title="bbox 88 3060 821 3210">
    <p class='ocr_par' dir='ltr' id='par_1_4' title="bbox 88 3060 821 3210">
     <span class='ocr_line' id='line_1_40' title="bbox 88 3060 821 3144; baseline 0.02 -37"><span class='ocrx_word' id='word_1_263' title='bbox 88 3060 198 3144; x_wconf 80' lang='lat' dir='ltr'>auribus</span> <span class='ocrx_word' id='word_1_264' title='bbox 215 3063 337 3128; x_wconf 87' lang='lat' dir='ltr'>accipere</span> <span class='ocrx_word' id='word_1_265' title='bbox 354 3071 384 3119; x_wconf 89' lang='lat' dir='ltr'>ct</span> <span class='ocrx_word' id='word_1_266' title='bbox 400 3084 557 3123; x_wconf 88' lang='lat' dir='ltr'>consessum</span> <span class='ocrx_word' id='word_1_267' title='bbox 574 3086 686 3124; x_wconf 87' lang='lat' dir='ltr'>cernere</span> <span class='ocrx_word' id='word_1_268' title='bbox 703 3070 821 3124; x_wconf 89' lang='lat' dir='ltr'>eundem</span> 
     </span>
     <span class='ocr_line' id='line_1_41' title="bbox 88 3135 734 3210; baseline 0.029 -31"><span class='ocrx_word' id='word_1_269' title='bbox 88 3145 231 3196; x_wconf 78' lang='lat' dir='ltr'>scenaique</span> <span class='ocrx_word' id='word_1_270' title='bbox 248 3135 327 3189; x_wconf 87' lang='lat' dir='ltr'>simul</span> <span class='ocrx_word' id='word_1_271' title='bbox 346 3142 434 3193; x_wconf 88' lang='lat' dir='ltr'>varios</span> <span class='ocrx_word' id='word_1_272' title='bbox 451 3144 596 3210; x_wconf 88' lang='lat' dir='ltr'>splendere</span> <span class='ocrx_word' id='word_1_273' title='bbox 613 3146 734 3201; x_wconf 80' lang='lat' dir='ltr'>decores</span> 
     </span>
    </p>
   </div>
   <div class='ocr_carea' id='block_1_4' title="bbox 0 0 1105 3398">
    <p class='ocr_par' dir='ltr' id='par_1_5' title="bbox 0 0 1105 3398">
     <span class='ocr_line' id='line_1_42' title="bbox 0 0 1105 3398; baseline 0 0"><span class='ocrx_word' id='word_1_274' title='bbox 0 0 1105 3398; x_wconf 95' lang='lat' dir='ltr'> </span> 
     </span>
    </p>
   </div>
  </div>
 </body>
</html>
