2176 3404
93 106 151 172 178
491 107 541 164 VI

89 217 134 269 est
151 213 236 269 etiam
253 213 361 282 magnis
379 211 520 267 Heliconis
537 213 777 271 montibus'arbos

90 290 165 344 floris
182 290 267 345 odore
285 288 423 342 homiuem
440 291 531 343 taetro
548 294 679 346 consueta
695 308 802 349 necare.

90 367 194 421 scilicet
211 367 279 421 haee
296 365 358 420 ideo
375 365 459 420 terris
477 382 511 420 ex
529 366 621 421 omnia
636 375 763 439 surgunt,

89 443 177 498 multa
193 442 283 496 modis
300 441 395 496 multis
412 441 561 496 multarum
579 444 685 498 semina
701 462 795 500 rerum

89 521 165 589 quod
180 520 319 591 permixta
335 519 409 588 gerit
425 518 508 573 tellus
526 519 702 591 discretaque
719 523 813 578 tradit
907 537 946 582 rac

88 601 305 667 nocturnumque
322 612 418 650 reeens
435 597 587 651 extinctum
604 597 698 652 lumen
714 599 763 653 ubi
780 600 837 654 aori

89 673 185 728 nidore
202 673 317 728 offendit
334 689 422 741 nares,
441 672 565 742 consopit
581 672 694 742 ibidem,

88 750 235 805 concidere
253 753 284 804 et
302 766 412 819 spumas
429 749 478 819 qui
495 748 591 803 morbo
608 751 722 805 mittere
739 751 837 808 suevit.

89 830 269 896 castoreoque
287 827 364 895 gravi
381 825 481 880 mulier
498 826 589 896 sopita
605 827 743 881 recumbit

89 906 120 958 et
137 903 261 958 manibus
279 903 399 957 nitidum
416 902 521 957 teneris
538 920 607 974 opus
625 904 712 958 effluit
728 904 763 971 ei,
907 917 947 962 tot

88 983 213 1051 tempore
232 997 265 1035 eo
283 981 306 1034 si
323 980 466 1034 odoratast
483 997 538 1048 quo
556 983 698 1034 menstrua
715 979 802 1035 solvit

89 1057 231 1126 multaque
248 1059 393 1126 praeterea
410 1056 568 1124 languentia
585 1056 710 1112 membra
726 1073 777 1126 per
794 1060 872 1112 artus

89 1133 198 1187 solvunt
214 1136 298 1203 atque
315 1133 433 1186 animam
450 1132 618 1187 labefactant
636 1134 747 1188 sedibus
765 1133 847 1189 intus

89 1210 209 1280 denique
227 1211 250 1265 si
268 1211 364 1265 calidis
381 1211 465 1265 etiam
483 1213 612 1264 cunctare
632 1209 751 1264 lavabris

88 1287 194 1356 plenior
211 1290 241 1342 et
258 1288 364 1354 laveris,
384 1287 451 1340 solio
468 1286 600 1340 ferventis
618 1286 700 1356 aquei
905 1302 945 1343 sco

88 1380 171 1430 quam
188 1364 268 1418 facile
285 1364 314 1416 in
332 1362 425 1417 medio
441 1363 474 1417 fit
491 1364 533 1416 uti
551 1363 601 1416 des
619 1379 701 1432 saepe
719 1363 825 1420 ruinas!

88 1440 292 1511 carbonumque
309 1439 399 1508 gravis
417 1439 459 1493 vis
476 1442 560 1507 atque
578 1439 647 1493 odor
663 1440 817 1494 insinuatur

88 1532 171 1583 quam
182 1516 263 1571 facile
274 1515 303 1570 in
315 1514 468 1584 cerebrum,
481 1515 533 1569 uisi
545 1532 644 1583 aquam
656 1516 845 1584 praecepimus
860 1520 941 1572 ante!

88 1595 198 1646 etcum
214 1591 338 1647 membra
355 1592 452 1647 domus
469 1592 594 1662 percepit
612 1592 743 1646 fervidior
760 1592 808 1661 vis,

88 1671 148 1722 tum
166 1669 199 1722 tit
216 1669 285 1723 odor
302 1668 354 1722 viri
372 1669 469 1738 plagae
486 1669 641 1724 mactabilis
658 1670 752 1723 instar.
905 1685 943 1724 sos

10 1796 11 1811 2
88 1761 179 1800 nonne
196 1745 274 1800 vides
292 1746 376 1799 etiam
393 1749 470 1800 terra
487 1762 596 1815 quoque
614 1745 710 1814 sulpur
726 1746 756 1799 in
772 1744 833 1815 ipsa

88 1822 194 1890 gignier
212 1824 241 1875 et
258 1824 350 1875 taetro
367 1837 542 1875 concrescere
560 1820 644 1875 odore
661 1812 802 1888 bitunien;

89 1897 210 1966 denique
228 1896 276 1951 ubi
293 1897 402 1964 argenti
420 1913 503 1951 venas
520 1898 635 1966 aurique
653 1901 790 1966 secuntur,

89 1975 173 2029 terrai
190 1975 302 2043 penitus
319 1976 474 2028 scrutantes
491 1973 589 2027 abdita
605 1974 686 2035 ferro,

88 2052 177 2120 qualis
195 2051 303 2121 expiret
321 2049 499 2119 Scaptensula
516 2049 613 2105 subter
630 2051 745 2105 odoresl
903 2066 942 2106 sro

88 2128 191 2198 quidve
209 2127 274 2182 mali
292 2127 325 2181 fit
342 2129 375 2180 ut
392 2126 523 2181 exhalent
540 2130 637 2182 aurata
653 2127 779 2182 metalla!

89 2222 157 2274 ques
175 2204 315 2258 hominum
333 2202 457 2257 reddunt
473 2202 557 2257 facies
575 2202 718 2273 qualisque
735 2203 852 2260 colores!

88 2299 178 2336 nonno
195 2281 274 2335 vidos
291 2279 405 2335 audisve
421 2280 513 2350 perire
529 2280 559 2334 in
575 2283 700 2349 tempore
716 2297 802 2349 parvo

89 2375 170 2429 quam
190 2357 295 2412 soleant
312 2359 343 2412 ot
359 2374 442 2427 quam
458 2357 526 2411 vitai
543 2357 622 2428 copia
640 2356 720 2426 desit,

89 2450 158 2504 quos
175 2451 258 2503 opero
275 2434 305 2487 in
322 2433 372 2488 tali
389 2432 499 2488 cohibet
516 2434 558 2487 vis
576 2450 674 2501 magna
690 2432 827 2488 necessisl
903 2449 941 2490 aas

89 2511 138 2565 hos
155 2510 241 2579 igitur
258 2510 340 2565 tellus
358 2511 445 2564 omnis
462 2513 607 2564 exaestuat
623 2513 717 2564 aestus

89 2589 253 2658 expiratque
270 2587 343 2640 foras
360 2586 389 2639 iu
407 2590 534 2654 apertum
551 2589 733 2655 promptoque
751 2585 827 2641 caeli.

124 2665 170 2719 Sic
187 2667 217 2718 et
235 2664 346 2716 Averna
362 2662 421 2716 loca
438 2662 549 2717 alitibus
567 2662 738 2717 summittere
756 2662 859 2717 debent
1076 2636 1077 2701 l

89 2739 258 2792 mortiferam
275 2739 338 2805 vim,
358 2738 394 2791 de
412 2742 488 2792 terra
505 2756 576 2808 quae
595 2739 684 2808 surgit
700 2740 729 2793 in
747 2755 835 2807 auras,

88 2817 122 2866 ut
139 2813 258 2880 spatium
275 2815 342 2866 caeli
360 2814 479 2882 quodam
496 2815 532 2868 de
549 2819 629 2885 parte
646 2817 777 2881 venenet3
904 2827 942 2869 sae

90 2902 144 2952 que
162 2886 242 2938 simul
259 2902 292 2939 ao
308 2889 427 2955 primum
444 2892 540 2958 pennis
558 2892 650 2946 delata
668 2891 705 2945 sit
721 2891 784 2960 ales,

89 2958 258 3026 impediatur
274 2960 313 3012 ibi
329 2979 410 3017 caeco
426 2971 554 3035 correpta
570 2983 679 3032 veneno,

89 3034 122 3082 ut
139 3031 221 3082 cadat
238 3048 254 3085 e
271 3036 381 3101 regione
398 3039 457 3106 loci,
476 3059 530 3109 qua
547 3042 650 3110 derigit
666 3046 767 3098 aestus.

89 3117 144 3185 <11¹9
161 3117 224 3186 cnm
241 3110 356 3175 conruit,
374 3111 418 3165 hio
436 3116 533 3170 oedem
551 3119 593 3171 ris
610 3118 683 3172 illius
701 3123 794 3173 aestus

89 3174 219 3238 requmag
236 3177 309 3231 vitae
324 3184 456 3240 membris
472 3205 508 3242 ox
526 3192 652 3246 omnibus
668 3193 767 3251 aufert
903 3209 943 3250 ⁸2⁵
