2176 3404
545 63 577 119 V
930 66 988 123 lev

134 177 203 230 ergo
220 160 362 216 hominum
378 178 465 231 genus
481 163 616 219 ineassum
633 165 790 233 frustraque
807 165 914 219 laborat
942 181 990 219 rrae
1038 196 1041 203 ι

135 255 245 307 semper
262 242 292 292 et
309 239 343 292 in
361 239 432 292 curis
450 241 584 295 consumit
601 240 726 293 inanibus
744 254 846 318 aevom,
942 296 945 305 Δ

29 330 31 359 l
134 314 264 369 nimirum
282 315 347 382 quia
363 331 418 368 non
435 317 561 383 cognovit
578 332 648 384 quae
666 317 702 371 sit
719 315 839 369 habendi

134 390 197 444 finis
214 395 244 444 et
262 391 372 444 omnino
389 392 480 460 quoad
497 397 602 446 creseat
619 409 685 446 vern
701 393 834 461 voluptas.

134 466 220 536 idque
238 466 396 520 minutatim
413 467 498 522 vitam
514 468 642 537 provexit
658 468 789 533 multum

134 547 163 597 ct
180 543 246 597 belli
263 559 376 610 magnos
394 544 539 598 commovit
556 543 680 598 funditus
698 543 809 613 cestim]
940 559 988 599 1434
1024 588 1026 593 ,

168 620 210 673 At
228 618 325 687 vigiles
342 618 438 672 mundi
454 636 583 687 nragnum
601 637 634 674 oc
651 621 779 675 versatile
796 620 929 689 templum

133 696 174 749 sol
191 699 221 750 ct
238 696 303 749 luna
321 712 369 748 suo
387 695 535 751 lustrantes
553 696 655 750 lumine
672 697 773 751 circum

132 771 302 840 perdocuere
319 771 443 826 homines
461 788 592 826 annorum
610 776 736 841 tempora
752 773 823 826 verti

133 851 163 902 ct
179 850 257 902 certa
274 848 381 901 ratione
398 848 456 917 geri
473 866 532 902 rem
551 854 635 917 atque
652 849 748 903 ordine
765 852 848 904 certo.

169 924 230 977 Iam
248 923 347 978 validis
365 924 453 994 saepti
472 924 609 993 degebant
626 925 749 979 turribus
766 941 859 979 aevom
939 941 986 981 nro

133 1004 162 1053 et
179 1000 269 1054 divisa
286 999 427 1053 celebatur
445 1000 618 1070 discretaque
635 1001 722 1067 tellus,

132 1076 187 1129 iam
205 1092 282 1129 mare
300 1075 421 1130 velivolis
439 1076 556 1130 florebat
574 1076 725 1145 puppibus;
741 1077 824 1131 urbes

132 1152 234 1206 auxilia
251 1169 283 1206 ac
301 1152 388 1206 socios
405 1153 459 1205 iam
477 1157 559 1222 paeto
577 1153 688 1207 foedere
707 1153 852 1221 habebant,

131 1228 297 1283 carminibus
314 1245 376 1282 cum
394 1245 438 1282 res
456 1233 549 1297 gestas
566 1245 680 1297 coepere
697 1232 795 1298 poetae
998 1278 1004 1285 ,

132 1304 261 1371 tradere3
277 1321 328 1380 nec
345 1304 432 1359 multo
449 1306 518 1374 priu'
537 1309 601 1358 sunt
619 1305 754 1359 elementa
771 1309 887 1374 reperta
937 1320 992 1360 laev-

131 1385 281 1451 propterea
297 1381 365 1449 quid
383 1381 419 1435 sit
436 1382 512 1450 prius
530 1385 622 1439 aetum
630 1378 776 1449 Ye's'picere
793 1385 869 1436 aetas

131 1461 227 1511 nostra
244 1458 348 1526 nequit,
365 1457 417 1510 nisi
434 1474 488 1525 qua
505 1458 575 1510 ratio
594 1458 709 1525 vestigia
726 1461 868 1512 monstrat.

167 1533 284 1600 Navigia
301 1536 385 1602 atque
402 1534 462 1602 agri
478 1533 599 1588 culturas
615 1533 722 1587 moenia
738 1533 812 1601 leges

131 1627 209 1664 arma
226 1609 283 1662 vias
301 1613 391 1663 vestes
409 1615 435 1662 el
453 1613 546 1664 cetera
564 1608 599 1663 de
617 1625 717 1677 genere
735 1609 840 1675 horum,

131 1684 261 1756 praemia,
279 1685 392 1739 delicias
410 1702 518 1754 quoque
535 1686 608 1740 vitae
625 1684 750 1738 funditus
767 1685 861 1752 omnis,
937 1701 984 1739 rino

30 1779 33 1784 ·
131 1762 252 1816 carmina
268 1761 396 1830 picturas,
414 1764 444 1815 et
461 1761 577 1815 dacdda
594 1762 671 1829 signa
688 1760 782 1829 polire,

130 1855 197 1891 usus
215 1841 246 1892 et
263 1837 395 1906 impigrae
412 1837 492 1891 simul
509 1837 678 1905 experientia
694 1837 794 1891 mentis

130 1914 264 1984 perdatim
281 1913 375 1967 docuit
392 1913 571 1982 pedetemtim
589 1913 798 1981 progredientis.

131 1992 171 2045 sie
187 1989 405 2059 unumquicquid
422 1989 553 2058 perdatim
570 1989 708 2057 protrahit
725 1992 801 2043 aetas

130 2067 160 2120 iu
177 2065 299 2120 medium
316 2067 441 2134 ratioque
457 2065 486 2118 in
504 2065 614 2119 luminis
631 2064 713 2134 erigit
729 2081 797 2119 oras.
935 2079 981 2119 1455

131 2158 250 2210 namque
267 2140 324 2194 alid
341 2158 376 2195 ex
393 2141 447 2194 alio
464 2141 613 2196 clarescere
630 2144 660 2195 ct
677 2141 772 2195 ordine
790 2139 875 2194 debet
897 2149 920 2187 l·

129 2217 251 2317 artibus
264 2215 301 2273 ad
318 2232 454 2273 summum
471 2216 559 2272 donec
575 2232 674 2273 venere
691 2232 825 2272 cacumen

166 2344 186 2405 ε
864 2245 983 2448 c)
