2190 3398
98 70 137 127 34
506 64 550 126 11·

95 167 248 223 convestire
265 182 315 221 511
330 164 498 236 perfundens
514 161 605 216 onmia
622 161 690 227 lucc,

95 242 221 297 omnibus
237 242 264 295 in
282 245 414 312 promptu
430 238 658 305 manifestumque
675 252 735 290 5555
752 236 885 291 ridemus.

95 322 126 374 11
142 334 227 388 vapor
243 318 267 372 ia
284 333 366 388 quem
383 317 423 371 eol
441 314 531 369 mittit
547 312 695 381 lumenque
713 329 836 367 aerenum
918 329 960 369 155

95 411 149 450 151
166 411 217 466 per
233 394 312 449 inane
329 396 404 448 meat
421 407 551 457 vacuum
568 406 622 458 quc
640 389 745 443 tardius
762 390 802 445 irc

95 472 210 541 cogitur,
227 471 316 526 aeriae
333 470 410 539 quusi
426 468 492 522 dum
510 466 667 520 diverberet
684 466 777 521 undae

95 564 146 602 nec
164 546 321 615 singillatim
338 543 499 615 corpuscula
517 559 641 611 quaeque
658 544 765 612 vaporis

95 623 146 678 aed
163 623 304 692 complexa
321 624 413 676 meant
431 620 503 674 inter
521 635 551 673 55
568 635 673 687 conque
690 619 815 688 globata;

96 702 264 769 quapropter
281 697 362 752 simul
379 697 452 751 iuter
469 712 499 750 55
517 694 696 750 retrahuntur
712 698 742 749 ct
758 698 838 750 extra
915 711 959 751 155

95 774 257 841 cfficiuntur,
274 774 316 828 uti
334 777 466 842 cogantur
482 770 590 827 tardius
607 770 655 825 ire.

96 853 214 918 atquae
232 854 296 905 sunt
314 849 401 904 solida
417 848 567 920 primordia
584 847 767 917 simplicitate,

96 942 158 981 cum
176 926 324 996 perinane
342 930 436 993 meant
453 941 567 979 vacnum
586 940 636 977 nec
654 925 870 977 1551511511111

95 1001 152 1055 ulla
168 1002 234 1055 furis
252 1005 336 1071 atque
354 1001 421 1071 ipsa,
439 1001 496 1055 auis
514 999 672 1068 apartibus
690 1016 752 1067 unu,

95 1095 179 1132 unum
198 1078 226 1132 in
244 1095 325 1146 quem
343 1093 457 1146 coepere
475 1078 564 1131 locum
582 1076 679 1130 conixa
694 1076 828 1142 feruntur,
914 1091 955 1129 151

96 1153 199 1210 debent
217 1155 344 1209 nimirum
362 1154 528 1224 praecellere
545 1151 697 1206 mobilitate

96 1234 126 1286 et
142 1233 229 1286 multo
246 1232 329 1287 citiue
346 1231 412 1284 ferri
429 1247 511 1299 quam
529 1230 629 1282 lumina
647 1228 711 1282 55115

95 1308 294 1378 multiplexque
311 1307 363 1360 loci
381 1306 500 1376 spatium
517 1309 704 1359 transcurrere
721 1304 818 1358 eodem

95 1386 221 1452 tempore
237 1400 291 1451 qno
308 1382 372 1437 55115
389 1382 550 1451 pervolgant
566 1380 675 1448 fulgura
691 1381 803 1434 caelum.

506 1464 521 1498 1

97 1513 158 1585 [155
176 1517 326 1585 persectari
343 1517 492 1587 primordie
509 1516 614 1584 singula
631 1533 761 1585 quaeque,
915 1528 954 1567 155

97 1595 129 1646 11
146 1592 261 1646 videant
278 1609 332 1660 qua
349 1594 465 1662 quicque
482 1596 595 1661 geratur
612 1608 673 1645 cum
691 1592 804 1646 ratione.

134 1668 174 1720 At
192 1667 304 1735 quidam
322 1669 510 1737 contraham,
527 1667 615 1736 ignari
632 1669 765 1736 materiai,

97 1745 223 1796 natmam
241 1760 295 1797 non
312 1761 393 1814 posse
411 1745 493 1799 deum
513 1745 571 1798 5115
588 1745 699 1798 numine
718 1744 835 1799 credunt

97 1821 175 1873 tanto
194 1835 277 1888 opere
295 1819 419 1873 humanis
437 1820 587 1874 rationibus
606 1819 784 1875 admoderate

97 1898 222 1964 tempera
238 1899 346 1949 mutare
363 1912 494 1950 annerum
511 1897 659 1965 frugesque
671 1912 772 1964 creare,
915 1912 953 1954 170

98 1973 127 2025 et
144 1970 198 2024 iam
216 1975 315 2038 cetera,
334 1971 457 2025 mortalis
475 1989 545 2041 quae
564 1972 662 2026 suadet
679 1972 755 2026 adire

96 2046 210 2117 ipsaque
228 2046 340 2100 deducit
357 2046 414 2100 dux
432 2048 505 2101 vitae
523 2047 569 2100 dia
587 2048 711 2117 voluptas

96 2126 127 2177 et
143 2139 188 2176 res
205 2140 256 2193 per
273 2122 390 2178 Veneris
407 2123 549 2178 blanditur
568 2125 656 2179 515511
673 2127 833 2193 propagent,

96 2216 131 2253 ne
148 2216 234 2268 genua
250 2200 358 2254 occidat
375 2199 529 2253 humanum.
547 2216 663 2268 quorum
681 2200 772 2252 omnia
789 2216 870 2254 511151

96 2276 269 2331 constituisse
287 2276 353 2330 deos
371 2293 432 2331 cum
450 2276 563 2344 fingunt,
583 2276 699 2329 omnibu’
717 2275 799 2330 rebus
913 2291 951 2332 115

96 2367 195 2421 magno
212 2369 295 2422 opere
312 2369 329 2407 1
346 2369 411 2406 vera
428 2353 498 2423 lapsi
515 2352 620 2406 ratione
637 2352 771 2406 ridentur.

96 2445 159 2482 nam
177 2430 300 2496 quamvis
317 2446 409 2483 rerum
426 2429 549 2498 ignorem
567 2429 716 2498 primordia
732 2445 802 2499 quae
819 2429 883 2497 sint,

96 2503 147 2559 hcc
164 2508 256 2559 tamen
274 2522 309 2559 cx
326 2505 394 2575 ipsis
412 2506 479 2559 caeli
496 2505 647 2560 rationibus
665 2506 751 2559 115111

97 2581 257 2635 confirmare
275 2581 387 2649 aliisque
405 2598 438 2635 er
457 2581 538 2635 rebus
556 2581 673 2634 reddam
691 2581 791 2649 multis,

97 2673 267 2727 nequaquam
284 2656 362 2711 nobis
380 2657 509 2712 divinitus
526 2675 586 2712 5555
603 2661 724 2712 creatam
913 2674 951 2713 155

96 2736 223 2787 naturam
240 2733 346 2789 mundi:
366 2741 446 2789 tanta
463 2742 518 2789 ctat
535 2735 662 2804 praedita
679 2733 765 2803 culpa.

97 2825 168 2875 quae
185 2808 237 2862 tibi
255 2812 399 2878 posterius,
418 2811 539 2879 Memmi,
557 2812 687 2866 faciemus
704 2813 807 2878 aperta

97 2899 169 2935 nunc
186 2884 217 2934 id
234 2884 309 2949 quod
326 2891 453 2954 superest
471 2888 507 2939 de
524 2888 643 2940 motibus
662 2884 859 2956 expediemur]

134 2956 213 3007 Nunc
224 2955 300 3008 locus
312 2962 362 3025 551,
374 2965 407 3012 ut
420 2961 522 3029 opinor,
534 2961 563 3013 in
574 2962 617 3014 hie
628 2961 697 3014 illud
709 2977 817 3029 quoque
828 2961 912 3016 rebus

99 3028 260 3080 confirmare
277 3029 335 3095 tibi,
353 3033 455 3084 nullam
473 3050 531 3087 rem
549 3051 628 3102 posse
646 3052 695 3088 sua
711 3036 738 3088 11
915 3052 952 3091 155
982 3085 986 3093 .

100 3115 258 3167 corpoream
276 3115 383 3154 sursum
399 3105 464 3156 ferri
483 3122 643 3173 sursumque
660 3125 767 3174 menrc;
