2176 3404
87 107 152 163 l's'l'
484 104 533 160 VI

83 211 228 278 praetcrea
244 207 325 262 docui
341 207 458 267 multum
475 224 585 278 qnoque
602 207 699 262 tollere
716 208 803 263 nubes

83 301 206 339 umorem
223 300 323 352 magno
338 285 501 352 conceptum
518 299 554 338 ex
571 298 691 353 aequore
708 287 786 354 ponti

84 366 113 415 et
131 361 234 430 passim
252 364 312 415 toto
331 364 466 413 terrarum
485 376 616 429 spargere
632 360 661 414 in
679 361 745 429 orbi,

85 454 148 490 cum
165 438 236 506 pluit
252 437 281 490 in
298 436 381 491 torris
398 439 428 489 et
446 437 523 490 venti
539 436 634 491 nubila
653 441 771 506 portant.
907 456 952 496 nso

84 517 223 583 postremo
240 513 368 582 quoniam
385 528 448 566 raro
465 529 528 567 curn
546 529 661 582 corpore
677 513 760 567 tellus

85 594 136 656 est,
155 593 184 643 et
201 589 379 653 coniunctast,
396 604 459 642 oras
475 589 558 642 maris
576 588 700 656 undique
718 590 839 658 cingens,

86 665 179 733 debet,
196 670 228 719 ut
245 665 274 718 in
291 681 368 719 mare
385 664 422 718 de
439 664 523 718 terris
540 664 616 718 venit
633 680 713 718 umor
729 665 817 733 aquai,

84 741 113 794 in
130 744 218 796 terras
235 740 333 795 itidem
350 756 461 794 manare
479 756 515 794 ex
532 756 650 809 aequore
668 741 755 805 sals03

85 817 241 887 percolatur
257 816 331 871 enim
348 817 422 870 virus
439 820 569 885 retroque
586 820 711 870 remanat
908 832 949 872 aas

85 894 214 947 materies
231 894 334 948 umoris
352 898 382 946 et
399 891 435 946 ad
453 898 536 962 eaput
553 894 679 946 amnibus
696 893 784 947 omnis

85 969 204 1037 confluit,
222 970 287 1024 inde
305 986 388 1039 super
405 972 495 1023 terras
512 970 587 1023 redit
604 970 713 1038 agmine
730 969 803 1023 dulei

84 1062 140 1114 qna
156 1047 200 1099 via
216 1049 292 1100 secta
309 1046 393 1100 semol
410 1045 514 1114 liquido
532 1046 603 1114 pede
622 1045 724 1099 detulit
740 1045 849 1115 undas]

120 1122 145 1175 N
148 1138 199 1176 unc
216 1123 287 1176 ratio
304 1137 375 1189 quae
392 1118 437 1190 sit,
454 1138 505 1191 per
522 1121 613 1175 fauces
631 1121 731 1175 montis
747 1125 780 1175 ut
798 1124 910 1176 Aetnae

85 1199 213 1268 expirent
229 1199 307 1266 ignes
323 1198 462 1253 interdum
480 1196 591 1252 turbine
608 1201 695 1266 tanto,
903 1213 944 1251 oio

86 1275 239 1345 expediam.
256 1292 346 1344 neque
364 1272 436 1329 enim
453 1275 585 1329 mediocri
602 1274 680 1328 clade
697 1277 791 1328 coorta

86 1351 212 1405 flammea
229 1354 381 1420 tempestas
400 1351 521 1405 Siculum
540 1350 679 1404 dominata
695 1367 746 1419 per
764 1366 845 1418 agros

87 1427 209 1481 finitimis
227 1428 263 1481 ad
281 1444 311 1481 se
328 1428 464 1482 convertit
481 1425 610 1495 gentibus
627 1442 683 1494 ora,

85 1502 192 1557 fumida
208 1520 269 1557 cunr
288 1503 356 1558 caeli
374 1503 524 1557 scintillare
540 1502 632 1556 omnia
648 1502 752 1570 templa

86 1584 230 1634 cernentes
248 1580 348 1649 pavida
365 1580 542 1649 complebant
556 1582 668 1648 pectora
685 1595 758 1644 cura,
905 1594 946 1634 eas

87 1655 155 1723 quid
171 1656 315 1709 moliretur
331 1672 424 1709 rerum
442 1660 541 1710 natura
558 1672 697 1709 novarum.

124 1731 208 1786 Hisce
225 1732 277 1786 tibi
292 1733 321 1785 in
338 1733 422 1786 rebus
438 1732 523 1785 latest
540 1731 650 1798 alteque
667 1731 815 1785 videndum

87 1811 117 1861 et
133 1807 213 1875 longe
231 1811 342 1861 cunetas
359 1807 389 1861 in
406 1808 493 1877 partis
511 1806 717 1876 dispiciendum,

85 1887 118 1937 ut
135 1883 318 1937 reminiscaris
336 1899 469 1936 summam
487 1893 659 1937 rerum'esse
672 1882 841 1953 'profundam

87 1964 117 2015 et
133 1959 226 2013 rideas
244 1960 349 2013 caelum
367 1958 482 2013 summai
501 1960 586 2013 totius
603 1976 689 2013 unum
906 1971 945 2011 aso

87 2054 169 2106 quam
186 2037 222 2090 sit
239 2034 351 2105 parvula
368 2052 432 2104 pars
449 2039 480 2089 et
497 2053 579 2103 quam
597 2035 753 2089 multesima
769 2037 877 2090 constet

87 2131 138 2168 nee
156 2117 217 2167 tota
232 2129 305 2181 pars,
326 2110 407 2166 homo
423 2112 509 2166 terrai
526 2115 611 2180 quota
628 2112 713 2166 totius
730 2120 829 2165 uuua'

88 2189 162 2257 quod
179 2189 249 2243 bene
266 2189 437 2257 propesitum
455 2187 478 2242 si
495 2188 579 2257 plane¹
593 2192 741 2242 contueare

88 2283 120 2320 ac
138 2266 231 2320 videas
249 2265 338 2334 plano,
355 2265 448 2318 mirari
465 2265 553 2319 multa
570 2264 716 2332 relinquas

88 2343 216 2411 numquis
233 2342 305 2395 enim
322 2346 447 2396 nostrum
464 2342 580 2395 miratur
598 2340 683 2408 siquis
700 2341 728 2394 iu
745 2341 822 2393 artus
909 2351 948 2391 aas

87 2419 192 2489 accepit
210 2417 298 2473 calido
315 2417 415 2472 febrim
431 2419 538 2471 fervore
556 2421 677 2472 coortam

88 2499 137 2550 aut
155 2495 237 2549 alium
256 2494 379 2562 quemvis
394 2493 484 2547 morbi
502 2509 552 2562 per
569 2492 693 2546 membra
710 2490 849 2545 doloreml

89 2572 259 2641 opturgescit
277 2569 350 2624 enim
368 2569 459 2623 subito
476 2586 533 2637 pes,
550 2568 649 2638 arripit
665 2584 729 2622 acer

90 2663 172 2716 saepe
190 2646 269 2699 dolor
286 2646 391 2711 dentes,
409 2645 502 2699 oeulos
518 2646 625 2699 invadit
641 2645 670 2698 in
687 2645 768 2713 ipsos,

90 2723 184 2776 existit
203 2739 280 2775 sacer
296 2722 367 2788 ignis
384 2725 415 2775 et
431 2721 488 2775 urit
505 2737 619 2789 corpore
636 2736 749 2790 serpicns
909 2732 947 2773 nno

90 2811 289 2861 quamcumque
307 2797 423 2863 arripuit
440 2797 550 2863 partim,
567 2797 693 2864 repitque
710 2811 761 2865 per
777 2797 862 2861 artus,

90 2867 218 2918 nimirum
238 2869 302 2933 quin
319 2875 385 2924 sunt
401 2870 550 2924 multamm
568 2872 788 2936 semiramem,

90 2942 120 2989 et
137 2940 203 2990 satis
221 2940 289 2992 haec
306 2943 388 2996 tellus
406 2944 484 2998 nobis
501 2944 662 3013 caelumque
678 2945 744 2999 mali
761 2945 824 3014 fert,

89 3010 163 3090 unde
181 3016 265 3076 queat
285 3015 325 3067 vis
342 3016 468 3071 immensi
485 3036 659 3087 procrescere
675 3020 770 3074 morbi.

90 3094 129 3130 ⁸¹0
145 3082 230 3144 igitur
247 3087 298 3137 toti
314 3090 389 3141 caelo
407 3094 554 3160 terraeque
570 3096 752 3162 putandumst
911 3110 947 3151 ω

90 3163 124 3197 ex
143 3150 248 3202 infinito
267 3158 336 3210 satis
351 3163 441 3214 omnia
458 3167 640 3234 suppeditare,
