2176 3404
83 196 176 251 ulcisci
193 213 276 265 quam
293 214 365 252 nnnc
381 202 567 254 concessumst
585 198 693 268 legibus
710 201 814 269 aequis,

83 270 153 326 hanc
165 272 266 326 obrem
274 273 449 326 esthomines
459 277 617 342 pertaesum
626 275 750 332 vicolere
759 293 862 331 aevom.
892 292 945 332 uuo

82 347 147 402 inde
164 351 255 403 metus
272 348 392 402 maculat
409 365 559 417 poenarum
576 354 698 419 praemia
715 353 796 406 vitae.
829 398 832 405 ,
850 335 879 379 “³

82 424 251 478 circumretit
267 425 340 478 enim
358 425 399 478 vis
417 428 502 493 atque
519 426 618 479 iniuria
635 444 772 496 quemque

82 502 174 570 atque,
193 501 266 554 unde
284 504 414 567 exortam,
432 500 469 554 ad
486 518 550 555 eum
567 501 729 572 plerumque
746 506 871 574 revertit,

82 592 134 631 noc
149 576 257 631 facilest
274 575 409 645 placidam
427 593 459 631 aa
476 580 603 646 pacatam
620 578 724 647 degere
740 581 826 635 vitam

83 653 131 721 qui
148 653 232 706 violat
249 652 329 706 fact-is
346 654 499 707 communia
516 653 630 709 foedera
645 656 728 724 pacis.
892 676 945 716 11⁵5

83 728 137 783 etsi
153 728 232 783 fallit·
243 729 315 782 enim
333 730 426 784 divom
443 747 530 798 genus
547 730 757 801 humanumque,

84 807 217 872 perpetuo
234 808 326 858 tamen
345 805 375 858 id
392 806 452 859 fore
469 806 539 860 clam
557 805 683 861 diffidere
700 808 800 874 debet3

84 880 186 949 quippe
204 880 250 934 ubi
269 898 299 934 se
315 881 396 935 multi
412 898 462 950 per
480 883 585 936 somnia
602 900 685 953 saepe
701 884 846 953 loquentes

83 959 133 1010 aut
149 956 243 1010 morbo
261 956 412 1012 delirantes
428 963 560 1026 protraxe
576 959 701 1013 ferantur
730 1014 733 1017 Α

84 1036 114 1087 ct
130 1032 219 1087 celata
235 1033 313 1087 malo
330 1033 359 1086 in
377 1035 498 1088 medium
516 1037 546 1088 et
562 1031 675 1104 peccata
692 1034 823 1106 dedisse]
892 1051 944 1091 nco

119 1109 145 1162 N
147 1125 199 1163 unc
217 1127 287 1179 quae
305 1126 387 1164 causa
403 1110 486 1163 deum
503 1127 554 1179 per
571 1127 684 1178 magnas
700 1112 812 1165 numina
828 1113 925 1180 gentis

84 1186 253 1253 pervulgarit
271 1190 301 1240 et
317 1203 425 1240 ararum
443 1187 620 1256 compleverit
638 1187 715 1241 urbis

86 1261 312 1330 suscipiendaque
330 1262 435 1316 curarit
453 1262 594 1316 sollemnia
611 1279 697 1331 sacra,
787 1308 799 1326 .,

84 1354 154 1405 quae
172 1354 243 1408 nme
260 1339 289 1391 in
306 1338 413 1406 magnis
430 1336 529 1391 florent
547 1354 623 1392 sacra
640 1339 717 1392 rebu'
735 1339 862 1408 locisque,

84 1413 159 1466 undo
176 1413 260 1466 etiam
278 1431 349 1467 nunc
368 1418 411 1468 est
428 1413 591 1467 mortalibus
608 1415 708 1468 insitus
725 1414 822 1468 horror
891 1431 942 1470 mes

85 1489 132 1556 qui
150 1489 266 1542 delubra
282 1490 365 1543 deum
383 1506 453 1543 nova
470 1492 530 1543 toto
548 1491 663 1544 suscitat
680 1490 742 1544 orbi

84 1567 220 1618 terrarum
238 1568 268 1619 et
285 1566 364 1619 festis
382 1566 456 1634 cogit
474 1565 615 1620 celebrare
632 1565 738 1632 diebus,

84 1656 139 1693 non
155 1640 196 1693 ita
213 1640 351 1695 difficilest
367 1642 502 1696 rationem
519 1641 638 1695 reddere
656 1641 753 1695 verbis.

86 1717 186 1784 quippe
204 1717 306 1770 etenim
324 1718 378 1770 iam
396 1722 455 1771 tmn
473 1718 565 1771 divom
582 1718 710 1771 mortalia
728 1719 817 1772 saecla

85 1792 215 1859 egregias·
225 1792 318 1846 anime
335 1794 419 1847 facies
436 1794 567 1862 vigilante
584 1793 715 1847 videbant
893 1808 943 1850 nto

85 1870 115 1921 et
132 1868 217 1937 magis
234 1868 263 1920 in
280 1869 383 1921 somnis
399 1870 524 1923 mirando
542 1869 664 1939 emporis
681 1878 770 1923 auctu

85 1944 128 1997 his
145 1944 230 2011 igitur
248 1960 356 1997 sensum
374 1945 534 1999 tribuebant
550 1949 698 2015 propterea
715 1945 790 2013 quod

86 2020 210 2074 membra
226 2037 335 2074 movere
353 2020 517 2090 videbantur
535 2038 671 2088 vocesque
688 2021 820 2090 superbas

86 2090 203 2152 mittere
214 2113 265 2166 pro
282 2097 351 2151 facio
368 2098 556 2166 praeclareat
573 2097 678 2151 viribus
695 2097 799 2166 amplis.

87 2178 281 2241 aeternamque
300 2173 404 2227 dabant
421 2173 513 2240 vitam,
533 2173 597 2243 quia
614 2190 723 2244 semper
740 2190 834 2226 eorum
891 2189 942 2231 1171

87 2250 315 2320 subpeditabatur
332 2249 415 2304 facies
432 2253 462 2304 et
478 2249 567 2303 forma
584 2250 721 2317 manebat,

87 2330 226 2380 ettamen
244 2327 351 2380 omnino
369 2326 442 2394 quod
460 2326 544 2379 tantis
561 2325 665 2380 viribus
683 2330 778 2380 auctos
800 2327 827 2392 t*

87 2418 142 2455 non
159 2405 264 2456 temere
280 2403 337 2456 ulla
353 2402 380 2455 vi
397 2401 520 2456 convinci
537 2418 618 2470 posse
634 2403 777 2472 putabant.

86 2477 259 2547 fortunisque
276 2479 339 2532 ideo
356 2477 436 2547 longe
453 2483 594 2547 praestare
612 2478 756 2548 putabant,

88 2555 162 2623 quod
174 2555 271 2608 mortis
282 2555 365 2608 timor
376 2555 445 2608 haut
457 2570 621 2622 quemquam
633 2558 747 2609 vexaret
759 2572 860 2623 eorum,
890 2570 942 2609 nco

87 2625 214 2685 et‘simnl
231 2631 259 2684 in
277 2631 376 2685 somnis
394 2631 459 2701 quia
475 2631 563 2684 multa
580 2635 609 2685 et
626 2631 696 2684 mira
712 2631 844 2686 videbant

88 2707 194 2760 efficere
212 2710 241 2761 et
258 2708 362 2761 nullum
380 2724 479 2775 capere
496 2708 571 2777 ipsos
588 2706 653 2761 inde
670 2707 801 2762 laborem.

88 2786 232 2849 praeterea
250 2783 317 2835 caeli
335 2784 454 2835 rationes
472 2783 569 2835 ordine
586 2786 662 2836 certo

87 2859 116 2906 et
133 2855 208 2906 varia
224 2872 356 2908 annorum
373 2857 522 2910 cernebant
539 2861 664 2925 tempora
680 2858 753 2913 verti

87 2943 137 2978 nec
155 2931 283 2992 poterant
300 2929 399 2995 quibus
415 2931 445 2982 id
462 2931 542 2984 fieret
558 2947 721 2998 cognoscere
738 2933 833 2987 causis.
890 2948 941 2988 nst

8 3034 10 3061 ÷
88 3013 153 3061 crgo
170 3001 325 3065 perfugium
342 3002 394 3053 sibi
412 3004 551 3057 habebant
570 3007 659 3059 cilinia
677 3007 747 3060 divis

87 3069 198 3119 tradere
215 3076 245 3122 et
261 3073 368 3126 illorum
385 3080 456 3129 nutu
475 3080 563 3133 tacere
581 3083 671 3135 omnia
688 3082 770 3137 flecti.

88 3138 116 3190 in
132 3140 261 3209 caeloque
277 3145 359 3199 deum
377 3149 457 3203 sedes
473 3156 503 3205 ot
519 3155 624 3221 templa
639 3156 772 3225 locarunt,
