2190 3398
536 76 608 133 lIII
946 79 1004 136 113

148 194 236 246 nsque
254 177 324 231 adeo
342 178 435 245 magni
451 177 539 232 refert
557 178 679 232 studium
697 183 781 246 atque
799 180 935 251 voluptas,

148 257 179 308 et
197 253 296 322 quibus
312 255 342 307 in
359 254 442 309 rebus
459 257 618 308 consuerint
635 271 695 309 esse
713 257 820 324 operati
967 274 1004 313 ese

148 347 203 384 nen
221 330 344 385 homines
362 330 448 384 selum
467 331 518 385 sed
536 347 600 384 vere
618 331 745 385 animalia
763 334 866 386 cuneta

148 407 252 476 quippe
270 406 377 461 videbis
395 423 479 476 equos
497 408 585 475 fertu,
602 424 663 461 curn
683 407 807 462 membra
823 408 959 476 iacebunt,

148 484 178 536 in
196 483 297 537 somnis
316 482 415 537 sudare
433 487 527 538 tamen
546 484 706 553 spirareque
724 500 831 553 semper

148 564 178 613 et
196 561 274 628 quasi
294 559 330 612 de
347 559 438 627 palma
455 576 574 614 summas
591 560 757 614 contendere
774 560 840 614 viris

147 638 197 689 aut
215 637 293 705 quasi
310 635 464 690 carceribus
482 636 628 705 patefactis
646 652 719 685 siner
729 654 820 692 curs-ra
966 652 1003 692 aaa

102 715 351 781 mvenantumque
368 728 449 766 canes
466 712 494 767 in
513 712 588 765 melli
606 728 687 780 saepe
706 712 800 779 quiete

102 810 136 842 sn
148 788 253 842 iactant
270 804 349 842 crura
367 791 459 842 tamen
478 788 569 842 subite
587 804 722 857 vocesque
740 793 854 857 repente

147 864 265 918 mittunt
283 868 313 918 et
330 863 427 917 crebro
444 864 601 921 redducunt
618 864 729 918 naribus
747 880 834 932 aures,

147 943 180 994 ut
197 940 314 1008 vestigia
332 939 355 992 si
373 943 486 994 teneant
504 940 615 995 inventa
633 940 759 1005 ferarum,

147 1016 389 1084 expergefactique
407 1020 536 1070 secuntur
553 1016 644 1070 inania
662 1034 744 1086 saepe
964 1034 1001 1072 aas

12 1122 13 1133 ³
101 1115 135 1148 aaa
146 1108 289 1146 cervorum
308 1091 459 1159 simulacra,
476 1093 559 1160 fugae
577 1093 654 1162 quasi
673 1092 769 1148 dedita
786 1096 906 1163 cernant,

146 1168 235 1223 donec
252 1167 382 1222 discussis
400 1168 515 1231 redeant
534 1168 672 1222 erroribus
689 1169 726 1222 ad
743 1186 779 1223 se.

145 1249 176 1299 at
193 1247 324 1298 consueta
342 1243 416 1296 demi
434 1244 586 1298 cataderunr
604 1243 705 1298 blanda
722 1261 844 1314 propage

100 1342 134 1374 aa
146 1320 286 1375 discutere
304 1324 333 1374 et
350 1336 449 1390 cerpus
467 1320 503 1374 de
522 1324 596 1374 terra
614 1321 751 1390 corripere
768 1322 873 1375 instant
963 1337 1000 1375 seu

145 1395 262 1467 preinde
280 1396 358 1464 quasi
376 1397 483 1464 ignotus
501 1397 584 1450 facies
602 1400 687 1466 atque
705 1414 753 1451 ora
771 1401 892 1451 tuantur.
952 1413 1000 1452 1001

145 1478 176 1527 et
193 1489 249 1541 qne
267 1488 393 1542 quaeque
411 1472 498 1540 magis
516 1476 581 1525 sunt
598 1489 696 1542 aspera
714 1473 895 1541 semimarem,

144 1554 205 1604 tam
223 1548 310 1616 magis
328 1548 356 1600 in
374 1549 476 1602 somnis
493 1548 590 1602 eadem
609 1550 715 1604 saevire
734 1554 881 1604 necessust

145 1628 175 1679 at
193 1625 286 1679 variae
303 1623 413 1693 fugiunt
430 1624 553 1679 volucres
570 1625 716 1694 pinnisque
734 1629 848 1694 repente

144 1701 294 1756 sollicitant
312 1701 403 1754 divom
421 1703 555 1757 nocturno
571 1704 697 1769 tempere
714 1701 795 1766 lucos,

143 1777 290 1846 accipitres
309 1792 402 1830 sumne
419 1777 448 1831 in
466 1777 521 1831 leni
539 1776 563 1830 si
581 1777 684 1847 proelia
701 1794 806 1847 pugnas

143 1853 229 1907 edere
248 1855 312 1906 sunt
328 1857 516 1922 persectantes
534 1853 662 1922 visaeque
681 1854 811 1908 velantes.
949 1869 997 1908 101⁰

143 1936 226 1999 perro
244 1928 385 1982 hominurn
402 1933 517 1998 mentes,
535 1931 641 1998 magnis
659 1946 730 1999 quae
748 1928 867 1984 motibus
884 1928 972 1984 edunt

143 2021 251 2073 inagna,
262 2004 359 2058 itidem
372 2021 452 2074 saepe
465 2005 493 2058 in
505 2006 606 2059 somnis
618 2007 776 2074 faciuntque
787 2009 949 2075 gerantque,

144 2097 226 2149 reges
243 2085 409 2149 expugnant,
428 2081 581 2150 capiuntur,
599 2083 704 2152 proelia
720 2081 844 2148 miscent,

143 2158 247 2213 tollunt
264 2156 409 2211 clamorem
428 2159 506 2226 quasi
523 2159 546 2211 si
564 2159 721 2227 iugulentur
738 2157 847 2213 ibidem.

143 2233 224 2288 multi
234 2233 401 2303 *depugnant
418 2235 594 2304 gemitusque
612 2234 749 2288 doloribus
767 2235 854 2290 edunt
949 2249 997 2288 1015

144 2314 175 2365 et
192 2311 271 2380 quasi
289 2310 439 2378 panthema
456 2326 549 2364 mersu
566 2312 673 2364 saevive
689 2311 775 2365 lenuis

143 2386 311 2440 mandantur
328 2387 434 2453 magnis
452 2386 614 2441 clamoribus
632 2387 722 2441 emnia
739 2386 884 2455 complent.

143 2461 225 2517 multi
243 2461 280 2516 de
295 2461 403 2530 magnis
419 2478 470 2531 per
487 2479 611 2517 sumnum
630 2462 706 2518 rebu'
723 2462 871 2532 lequuntur

142 2537 298 2606 indicioque
317 2537 358 2591 sui
376 2537 442 2592 facti
459 2555 593 2608 persaepe
610 2539 695 2594 fuere.

144 2614 225 2668 multi
243 2616 361 2667 mortem
379 2613 490 2668 obeunt.
507 2615 595 2684 multi,
614 2614 804 2670 dementibus
822 2613 887 2669 altis
948 2630 996 2668 rue

142 2695 175 2745 ut
193 2690 242 2758 qui
259 2689 441 2758 praecipitent
459 2690 495 2744 ad
512 2694 616 2745 terram
634 2707 747 2760 corpore
765 2692 832 2757 tete,

120 2776 123 2781 '
144 2769 325 2821 externantur
337 2769 373 2834 ‘et
389 2782 424 2818 ex
441 2782 536 2819 somno
555 2767 632 2835 quasi
650 2765 782 2822 mentibu‘
799 2766 873 2836 capti
915 2786 920 2796 ·

142 2842 189 2895 vix
206 2841 244 2895 ad
261 2858 291 2894 se
309 2840 427 2895 redeunt
443 2844 561 2910 permoti
579 2844 699 2914 corperis
715 2845 801 2898 aestu

142 2918 245 2973 flumen
261 2920 329 2973 item
348 2918 444 2972 sitiens
461 2923 510 2973 aut
527 2920 631 2974 fontem
649 2924 762 2989 prepter
780 2935 924 2973 amoenum

142 2994 253 3049 adsidet
270 2997 300 3048 et
317 2997 405 3048 tetum
423 3010 508 3062 prope
524 2995 647 3049 faucibus
664 3000 778 3064 occupat
795 3011 911 3051 amnem.
945 3010 994 3049 1025

143 3069 207 3140 puri
223 3086 307 3139 saepe
325 3069 413 3122 laeum
430 3073 544 3136 propter
562 3070 634 3122 siae
652 3069 725 3121 delia
742 3073 820 3122 curta

143 3163 239 3200 somno
257 3144 378 3199 devincti
394 3140 512 3195 credunt
529 3158 559 3195 se
577 3141 710 3196 extollere
727 3145 840 3209 restem,
