2190 3398
50 86 89 142 68
446 79 501 136 ΙΙΙ

47 184 198 239 constituet
214 183 319 252 puriter
337 182 480 252 quosdam·
495 185 589 237 tamen
606 184 653 237 illu
670 184 801 254 relinquit
903 208 907 221 ·

48 263 163 314 naturae
181 260 312 328 cuiusque
329 257 412 311 animi
431 259 545 328 vestigio
560 260 657 328 primu

49 352 100 393 uec
117 336 250 390 radicitus
268 334 348 389 evelli
366 334 438 388 mnia
455 351 536 404 posse
553 336 742 404 putandumst,
796 364 798 373 =
868 352 909 391 sio

50 413 116 481 quin
134 412 281 483 proclivius
298 410 343 464 hic
360 409 416 463 irus
434 410 565 466 decurret
583 411 619 465 ad
638 413 714 477 neus,

48 489 94 543 ille
112 493 190 543 motu
207 488 289 541 eitius
306 486 388 556 pnulo
405 489 567 556 temptetur,
585 492 615 542 nt
632 487 679 542 ille

48 566 150 620 tertius
167 564 282 632 noeipint
300 562 435 631 quaedam
453 563 615 618 clementius
632 579 727 633 nequo.

49 642 134 711 inque
151 641 211 695 aliis
229 638 312 693 rebus
329 639 423 693 multis
442 639 552 694 differre
570 642 709 695 necessest

50 721 163 771 riuturns
181 716 319 769 hominum
336 716 426 769 varias
443 731 590 785 moresque
607 717 758 784 sequacis3.
866 731 907 770 em

51 809 169 861 quorum
187 808 239 860 ogo
256 807 328 845 nunc
345 808 453 861 nequeo
470 808 566 847 coecas
584 809 721 864 exponere
739 808 835 846 causus

50 886 100 923 noc
117 868 241 938 reperire
259 868 408 936 figurarum
425 871 469 922 tot
486 869 596 923 uomina
613 872 683 937 quot
700 873 765 922 suut

50 944 198 1014 principiis,
215 944 289 998 uude
306 943 373 998 haec
391 946 480 999 oritur
497 946 630 1000 vannutiu
647 961 747 1000 rerum.

50 1021 121 1076 illud
136 1020 165 1074 iu
181 1020 225 1074 his
242 1019 325 1074 rebus
342 1020 438 1074 videor
455 1022 567 1076 firmare
583 1022 701 1091 potesse,

51 1113 139 1168 usque
156 1097 226 1151 odeo
244 1100 405 1150 naturarum
421 1097 539 1166 vestigia
555 1098 642 1167 linqui
867 1111 907 1152 mo

53 1174 172 1245 parvola,
190 1190 261 1243 quse
278 1177 398 1242 nequeat
414 1174 485 1228 ratio
503 1174 642 1242 depellare
660 1174 753 1246 nobis,

53 1256 86 1306 ut
103 1251 142 1305 nil
159 1251 284 1320 inpediet
302 1250 412 1318 dignum
430 1250 474 1304 dis
492 1249 594 1317 degero
612 1250 704 1304 uitam.
723 1234 800 1319 ἦ(

89 1328 168 1382 Haeo
184 1328 269 1397 igitur
286 1330 384 1381 nature
401 1329 513 1381 tenetur
530 1343 643 1395 corpore
661 1326 696 1379 ub
713 1327 787 1381 omui

52 1405 167 1473 ipseque
184 1405 305 1473 corporis
322 1407 367 1458 ost
384 1407 476 1458 custos
494 1407 523 1457 ct
541 1420 621 1457 ceusu
640 1403 750 1469 salutis3

51 1497 115 1537 uum
132 1481 320 1534 communibus
337 1480 410 1534 inter
428 1496 458 1534 se
475 1478 614 1533 radicibus
630 1479 745 1533 haerent
868 1494 908 1534 mn

51 1573 102 1610 nec
119 1557 178 1610 sine
195 1555 317 1626 pernicie
336 1556 429 1611 divelli
447 1572 527 1624 posse
544 1555 679 1610 videntur.

53 1631 129 1700 quod
145 1648 232 1699 genus
249 1649 266 1687 e
282 1631 371 1686 thuris
388 1632 493 1700 glaebis
510 1632 634 1686 evellere·
645 1631 757 1685 odorem

53 1706 126 1761 lmud
143 1707 221 1761 facile
239 1712 283 1762 est
301 1708 368 1776 quin
379 1709 505 1762 intereat
523 1711 622 1762 uatum
640 1724 750 1777 quoquo
767 1707 833 1761 eius

51 1784 89 1837 sio
106 1782 189 1837 animi
206 1786 291 1852 utque
308 1785 414 1838 animae
431 1788 558 1839 naturam
576 1799 689 1852 corpore
706 1784 766 1837 toto

51 1858 196 1913 extrahere
213 1859 281 1913 haut
298 1859 377 1912 facile
395 1864 438 1914 ost
456 1860 522 1929 quin
540 1860 630 1913 omnin
648 1859 840 1914 dissoluuntur.
869 1874 907 1913 mo

53 1935 168 2003 inplexis
184 1935 225 1988 itu
241 1934 435 2003 principiisub
453 1936 558 2004 origine
575 1936 664 2004 primu

54 2013 125 2065 intcr
143 2027 173 2064 se
190 2011 260 2064 fiunt
277 2012 399 2065 consorti
416 2013 543 2081 praedita
559 2013 617 2066 vitu

55 2104 104 2143 noo
124 2087 176 2142 sibi
194 2104 319 2157 quaeque
338 2089 396 2143 siue
411 2089 533 2153 ulterius·
546 2089 573 2142 vi
590 2104 671 2156 posse
689 2088 801 2144 videtur

53 2166 173 2236 eorporis
191 2168 275 2233 utque
292 2164 376 2219 animi
394 2181 517 2219 seorsum
536 2165 639 2219 sentire
657 2167 788 2234 potestus,

54 2242 104 2297 sed
122 2242 309 2296 communibus
326 2241 463 2296 intereos
480 2241 615 2296 eoniiutur
633 2241 772 2311 utrimque
870 2256 908 2297 eet

56 2318 174 2372 motibus
191 2334 320 2372 accensus
337 2318 417 2372 uobis
434 2334 485 2388 per
502 2318 607 2372 viscere
623 2334 743 2371 seusus*

56 2397 199 2464 praetereo
216 2410 314 2463 eorpus
331 2411 382 2465 per
400 2411 429 2448 se
446 2410 497 2449 uec
515 2394 639 2463 gignitur
655 2410 787 2461 umquem

56 2487 106 2526 uec
123 2470 328 2539 ereseit'neque
345 2474 543 2541 postmortem
562 2471 662 2524 durare
678 2469 796 2524 videtur.

55 2564 109 2601 uon
127 2546 207 2615 euim,
225 2550 257 2601 ut
274 2564 353 2600 umor
370 2563 458 2616 nqnne
476 2547 593 2602 dimittit
610 2562 692 2614 saepo
708 2561 835 2614 vaporem

56 2624 104 2692 qui
122 2623 204 2678 datus
222 2627 272 2692 est,
290 2630 379 2692 ueq'ue
396 2639 429 2677 on
446 2640 527 2678 causa
544 2623 707 2677 convellitur
723 2622 789 2690 ipse,
872 2635 910 2676 sto

57 2702 106 2755 sod
123 2703 216 2755 manet
233 2700 382 2767 incolumis,
399 2716 462 2767 uon,
479 2700 598 2768 inquam,
616 2699 655 2752 sic
672 2698 772 2751 animai

57 2775 201 2830 discidium
219 2779 334 2843 possunt
351 2779 429 2829 ortus
445 2776 569 2844 perferre
586 2774 682 2840 relicti,

57 2849 106 2900 sed
123 2850 233 2914 penitus
250 2853 368 2915 pereunt
385 2849 504 2904 convulsi
523 2866 628 2918 conque
645 2852 814 2916 putrescunt.

57 2937 91 2972 ex
109 2920 221 2971 ineunte
238 2936 305 2982 nevo
323 2922 361 2975 sic
379 2925 498 2990 corporis
516 2927 600 2990 atque
617 2924 716 2977 animai

58 2996 153 3045 mutua
169 2991 259 3043 vitulis
277 2993 387 3049 discunt
403 2999 530 3064 contagia
546 3005 638 3052 motus
872 3014 911 3054 stt

57 3063 189 3116 maternis
206 3064 290 3116 etium
307 3070 437 3121 membris
454 3072 568 3137 alvoque
586 3076 704 3140 reposta,

58 3134 202 3188 discidium
220 3141 387 3202 utnequont
404 3142 464 3194 fieri
483 3145 541 3195 sine
558 3150 637 3212 poste
653 3148 795 3214 nnnloque3
