2176 3404
77 111 134 168 152
487 109 518 166 V

72 232 127 269 non
145 214 238 269 divom
254 229 347 284 pacem
366 212 438 266 votis
454 212 515 267 adit
532 229 564 266 ac
581 230 663 283 prece
681 214 789 284 quaesit
814 220 818 223 '

73 295 218 347 ventorum
235 289 351 360 pavidus
368 305 449 359 paces
468 289 626 358 animasque
644 291 784 353 secandas,
879 305 928 346 raso

73 369 246 439 nequiquam,
264 367 391 434 quoniam
409 364 528 418 violento
545 366 657 419 turbine
676 382 757 435 saepo

73 449 216 514 correptus
233 443 288 497 nilo
306 443 394 497 fertur
411 442 501 494 minus
519 442 555 495 ad
573 441 643 495 rada
660 443 708 496 leti
715 445 725 497 l

72 537 159 589 nsque
177 521 247 574 adeo
265 536 310 573 res
327 519 458 572 humanas
474 517 516 571 ris
534 518 630 572 abdita
648 519 782 588 quaedam

72 598 176 666 opterit
194 600 223 651 et
239 595 367 666 pulchros
383 595 463 648 fascis
481 610 629 664 saevasque
647 612 756 650 secures

73 673 231 742 proculcare
248 689 280 725 ac
297 671 417 725 ludibrio
434 669 486 724 sibi
504 670 606 726 habere
623 671 740 726 videtur.
877 688 927 727 raas

72 748 191 818 denique
209 747 260 802 sub
278 747 395 817 pedibus
413 747 496 801 tellus
513 764 575 801 cum
593 751 653 802 tota
669 747 778 802 vacillat

71 840 269 893 concussaeque
287 824 389 877 cadunt
406 822 489 876 urbes
507 822 660 891 dubiaeque
677 825 824 893 minantur,

73 900 140 968 quid
157 900 256 953 mirum
275 901 297 953 si
315 916 344 953 se
362 901 488 953 temnunt
506 900 632 952 morto-lia
649 901 739 954 saecla

9 976 19 988 ’
72 980 155 1045 atque
172 976 319 1044 potestatis
336 991 448 1043 magnas
466 975 605 1044 mirasque
621 976 759 1044 relinqunt

72 1052 102 1105 in
119 1051 202 1106 rebus
219 1052 284 1105 viris
301 1051 402 1118 divum,
420 1068 491 1119 quac
509 1055 606 1105 cuncta
623 1052 795 1120 gubernentl
874 1067 926 1107 1210

107 1128 186 1193 Quod
196 1132 327 1197 superest,
337 1144 382 1182 aes
392 1131 474 1197 atque
483 1144 579 1181 aurum
586 1128 744 1197 ferrumque
752 1131 925 1197 repertumst

72 1208 102 1257 ct
120 1204 198 1258 simul
215 1206 323 1273 argenti
340 1204 447 1274 pondus
465 1204 623 1274 plumbique
641 1208 771 1273 potestas,

71 1281 142 1347 ignis
159 1281 206 1334 ubi
224 1281 341 1349 ingentis
359 1282 440 1335 silvas
457 1280 556 1334 ardore
574 1285 710 1335 cremarat

72 1357 210 1410 montibus
227 1358 253 1409 in
272 1358 383 1426 magnis,
401 1373 448 1410 seu
465 1356 533 1410 caeli
549 1357 662 1411 fulmine
680 1359 772 1424 misso,

72 1433 129 1488 sive
148 1434 221 1502 qnod
239 1435 311 1487 inter
329 1450 358 1487 se
375 1434 476 1487 bellum
495 1433 621 1488 silvestre
637 1438 765 1502 gerentes
873 1448 924 1488 ress

71 1508 195 1563 hostibus
212 1509 363 1564 intulerant
379 1510 470 1577 ignem
487 1508 642 1567 formidinis
660 1527 733 1579 ergo,

71 1584 128 1639 sive
147 1586 220 1655 quod
237 1586 343 1640 inducti
361 1591 451 1638 torrae
469 1584 594 1639 bonitate
610 1585 739 1640 volebant

70 1663 192 1730 pandere
210 1679 290 1730 agros
308 1663 416 1731 pinguis
433 1666 462 1715 et
479 1678 580 1729 pascua
597 1662 716 1716 reddere
734 1679 806 1730 rura,

70 1737 127 1791 sive
145 1738 217 1791 feras
234 1739 388 1792 interficere
406 1742 435 1791 ot
453 1739 587 1792 ditescere
604 1738 715 1806 praeda.

70 1827 133 1867 nam
149 1813 228 1867 fovea
245 1818 328 1882 atque
346 1814 402 1881 igni
421 1815 497 1883 prius
514 1818 558 1868 est
575 1815 699 1868 venarier
717 1817 808 1868 ortum
872 1830 922 1869 raso

71 1906 153 1958 quam
172 1888 278 1958 saepire
294 1889 383 1959 plagis
401 1891 500 1944 saltum
519 1891 685 1960 canibusque
703 1891 781 1944 ciero.

71 1965 204 2033 quidquid
220 1964 251 2018 id
267 1968 318 2033 est,
336 1982 506 2035 quacumque
524 1984 540 2019 e
557 1983 639 2020 causa
656 1967 797 2021 flammeus
815 1965 898 2020 ardor

71 2042 193 2096 lmrribili
210 2042 300 2095 sonitu
318 2042 399 2095 silvas
417 2042 549 2097 exederat
566 2043 630 2096 altis

69 2119 104 2169 ab
122 2118 258 2172 radicibus
276 2123 306 2173 ot
323 2121 426 2172 terram
443 2122 606 2186 percoxerat
623 2119 685 2186 igni,

70 2194 198 2248 uranabat
218 2195 292 2248 venis
309 2194 478 2248 ferventibus
495 2195 523 2247 in
540 2194 600 2248 loca
617 2198 709 2249 terrac
871 2209 921 2248 mss

69 2287 186 2324 concaua
203 2270 364 2324 conveniens
381 2270 489 2338 argenti
507 2271 581 2325 rivus
598 2274 628 2325 et
646 2270 713 2337 auri,

69 2347 140 2400 acris
157 2346 223 2400 item
242 2350 271 2399 ct
288 2346 399 2415 plumbi.
417 2364 487 2415 quae
504 2363 566 2400 cum
583 2349 710 2400 concreta
726 2345 857 2400 videbant

69 2422 205 2490 posterius
224 2422 296 2476 claro
314 2423 436 2476 interra
454 2421 600 2492 splendere
617 2422 714 2489 colore,

69 2498 203 2552 tollebant
220 2497 309 2552 nitido
327 2500 400 2568 capti
417 2500 524 2569 levique
541 2499 642 2568 lepore,

68 2579 98 2628 ot
116 2574 197 2647 simili
215 2574 332 2629 formata
349 2575 479 2629 videbant
497 2592 557 2628 esse
575 2575 664 2642 figura
870 2589 919 2629 laco

69 2656 153 2720 atquo
170 2651 326 2705 lacunamm
344 2650 453 2705 fuerant
471 2651 587 2719 vestigia
605 2650 741 2725 cuiqueq

68 2732 127 2781 tum
145 2726 309 2795 penetrabat
327 2744 373 2780 eos
390 2744 470 2796 posse
489 2727 556 2782 haec
573 2726 723 2795 liquefacta
739 2726 829 2780 calore

68 2802 217 2867 quamlibet
234 2803 262 2853 in
280 2802 395 2854 formam
413 2807 442 2856 et
459 2804 556 2856 faeiem
575 2803 723 2856 decurrere
740 2818 832 2855 rerum

67 2878 96 2926 et
113 2889 239 2939 prorsum
257 2876 379 2941 quamvis
397 2877 425 2928 in
443 2883 523 2931 acuta
540 2894 572 2931 ac
588 2879 682 2931 tenvia
699 2894 779 2946 posse

68 2962 224 2997 mucronum
243 2947 304 2999 duci
321 2949 430 3016 fastigia
447 2953 631 3020 procudcudo‚
869 2969 917 3009 mee

66 3021 99 3067 ut
117 3017 168 3067 sibi
186 3019 242 3070 tela
260 3021 364 3087 darent,
382 3025 518 3092 silvasque
536 3032 568 3081 ut
585 3029 701 3082 caedere
717 3033 830 3097 possent

67 3088 262 3155 materiemque
280 3094 373 3148 dolare
390 3101 419 3151 et
436 3101 506 3154 levia
524 3103 622 3155 radere
639 3105 718 3172 tigna

66 3161 95 3209 et
111 3159 252 3230 terelqraro
269 3167 351 3218 ctiam
370 3185 401 3221 ao
418 3177 589 3256 pertundere
606 3195 712 3248 perque
729 3181 825 3264 forare.
