2176 3404
546 91 595 149 VI
937 91 996 155 17⁷

143 198 239 254 autin
256 215 366 268 aquarn,
383 198 407 253 si
425 199 500 252 forte
515 198 591 253 lacus
609 198 767 254 substratus
784 199 920 255 Avernisi.

143 276 170 329 is
186 275 262 329 locus
280 278 325 329 est
342 275 442 329 Cumas
460 278 535 344 aput,
553 276 608 328 acri
627 275 738 343 sulpure
754 279 862 330 montes

144 351 251 421 oppleti
268 350 364 404 calidis
380 350 429 404 ubi
446 350 556 405 fumant
570 350 692 405 fontibus
709 352 798 417 aucti;

143 432 188 482 cst
207 432 237 482 et
255 427 408 481 Athenaeis
424 428 453 481 in
470 426 620 495 moenibus,
637 427 753 481 arcisin
770 429 830 497 ipso

143 504 257 571 vertice,
276 503 397 558 Palladis
415 502 451 557 ed
468 504 604 574 templum
622 503 771 557 Tritonidis
787 504 882 571 almae,
964 518 1001 559 rso

145 596 201 650 quo
218 588 369 649 numquam
386 580 483 650 pennis
501 580 644 650 appellunt
661 595 774 649 corpora
791 597 889 635 mucce

144 656 275 724 7777777,
292 672 346 709 777
364 672 426 710 cum
443 656 552 710 fumant
569 656 668 710 altaria
684 656 788 711 donis·

143 749 231 800 usqne
249 732 319 789 adeo
335 732 454 800 fugitant
469 749 524 786 non
542 732 597 786 iras
616 732 735 787 Palladis
753 732 824 788 acris

143 808 270 877 pervigili
287 825 376 877 causa,
394 808 507 863 Graium
525 811 558 863 ut
575 809 698 864 cecinere
715 814 821 879 poetae,

143 884 194 945 sed
211 889 311 939 natura
327 884 379 939 loci
396 901 449 953 opo
466 884 563 939 sufficit
579 884 640 955 ipsa
657 890 761 955 suapte.
962 899 999 943 tss

142 961 171 1015 in
190 961 268 1030 Syrie
285 977 393 1030 quoque
410 962 499 1015 fertur
516 961 583 1015 item
601 962 677 1016 locus
694 979 754 1016 esse
771 962 866 1030 videri,

143 1037 329 1108 quadripedes
347 1053 456 1107 quoque
474 1055 528 1107 quo
546 1037 626 1092 simul
643 1056 676 1094 ac
692 1039 807 1106 vestigia
824 1040 942 1108 primum

143 1114 296 1183 intulerint,
312 1114 435 1182 graviter
452 1114 493 1167 vis
510 1118 591 1183 cogat
608 1116 751 1170 concidere
768 1116 835 1184 ipsa,

144 1190 270 1244 manibus
286 1192 319 1244 ut
336 1190 360 1243 si
377 1191 433 1244 sint
452 1190 521 1245 divis
538 1195 665 1246 mactata
676 1197 797 1262 repento.

143 1267 235 1321 omnia
252 1283 323 1337 quas
339 1267 459 1322 naturali
476 1268 583 1322 rationo
598 1272 740 1338 geruntur,
961 1283 998 1325 777

143 1347 175 1398 77
192 1343 292 1413 quibus
310 1343 402 1398 effiant
420 1344 507 1397 causis
524 1348 641 1414 apparet
658 1345 749 1413 origo;

43 1432 47 1440 ·
143 1421 226 1474 ianua
241 1435 278 1473 ne
296 1420 367 1474 forte
385 1419 427 1473 his
446 1419 510 1474 Orci
527 1420 683 1489 regionibus
702 1438 762 1476 csse

143 1495 282 1563 credetur,
299 1496 444 1566 posthinc
461 1496 563 1551 animas
582 1497 775 1552 Achenmtis
767 1516 795 1552 m
813 1514 875 1553 oras

143 1571 244 1641 ducere
262 1538 335 1626 ibrte
352 1572 419 1627 deos
436 1573 525 1626 manis
541 1572 653 1629 inferne
664 1591 781 1643 reamur,

142 1636 255 1705 naribus
272 1648 393 1718 alipedes
410 1653 443 1703 ut
461 1649 534 1703 cerri
553 1666 635 1720 saepe
653 1654 787 1721 putantur
959 1665 996 1708 roa

144 1724 246 1779 ducere
254 1724 309 1783 de
316 1725 429 1780 latebris
447 1726 586 1797 serpentia
603 1727 691 1782 saecla
708 1728 835 1782 ferarum

143 1801 218 1870 quod
234 1801 346 1871 procul'
348 1818 365 1854 a
381 1818 447 1856 vera
464 1819 546 1871 quam
564 1804 600 1858 sit
616 1805 722 1859 ratione
739 1805 879 1874 repulsum

142 1878 270 1947 percipe3
288 1894 351 1932 nam
369 1878 404 1932 do
421 1894 453 1932 re
469 1896 541 1934 nunc
557 1881 617 1950 ipsa
635 1881 726 1936 dicere
744 1899 833 1936 conor.

179 1954 316 2024 Principio
333 1954 385 2009 hoc
403 1954 470 2023 dico,
489 1956 638 2022 quoddixi
656 1974 739 2028 saepe
756 1975 863 2025 quoquc
879 1962 952 2026 7777,

142 2031 171 2084 77
190 2035 265 2084 terra
281 2031 411 2099 cuiusque
428 2031 503 2085 modi
520 2049 611 2088 rerum
629 2051 689 2089 esso
706 2034 822 2103 figuram
957 2047 995 2092 777

142 2108 237 2174 multe,
255 2107 316 2162 cibo
333 2123 404 2177 quae
421 2111 492 2175 sunt,
510 2108 610 2179 vitalia,
627 2111 776 2180 multaque,
795 2109 905 2165 morbos

126 2184 266 2238 'incutere
284 2186 314 2238 77
331 2186 448 2239 mortem
466 2201 537 2254 quae
553 2187 661 2256 possint
678 2187 842 2243 adcelerare.

142 2265 171 2314 et
189 2261 275 2328 magis
293 2276 354 2314 esso
371 2260 432 2315 aliis
449 2261 515 2316 elias
532 2263 715 2319 animantibus
732 2268 813 2334 aptas

141 2353 186 2390 res
204 2335 241 2389 ad
257 2336 324 2390 vitai
341 2337 661 2393 rationem'ostendimus
679 2343 744 2395 ante

141 2416 256 2482 propter
273 2412 431 2466 dissimilem
447 2417 573 2468 naturam
592 2415 785 2485 dissimilisque
956 2429 993 2474 775

141 2494 268 2542 texturas
285 2488 357 2543 inter
375 2506 435 2544 sese
452 2492 609 2560 primasque
626 2492 734 2560 figuras.

141 2564 229 2618 multa
246 2568 339 2619 meent
354 2566 463 2620 inimica
479 2582 530 2636 per
547 2569 628 2636 auris,
645 2569 732 2623 multa
748 2586 799 2638 pcr
815 2570 888 2640 ipsas

140 2641 280 2696 insinuant
296 2641 371 2695 naris
386 2642 486 2696 infesta
503 2646 587 2712 atque
604 2661 701 2714 aspera
718 2646 825 2715 adactu,

140 2734 193 2771 nec
210 2720 275 2771 sunt
291 2718 378 2772 mults
395 2735 491 2787 parurn
508 2723 586 2774 tactu
603 2720 716 2775 vitanda
733 2739 822 2792 neque
840 2726 932 2778 autom

140 2797 255 2865 aspectu
272 2794 404 2864 fugiende
420 2811 573 2865 saporeque
590 2796 681 2851 tristia
699 2815 769 2928 quae
787 2800 850 2854 sint.
953 2813 993 2856 777

176 2870 285 2925 Deinde
301 2871 396 2924 videre
412 2870 478 2925 licet
495 2889 577 2941 quam
594 2873 736 2930 multae
715 2878 769 2928 7777
787 2876 890 2953 homini
907 2892 953 2933 res

141 2947 243 3001 acriter
259 2947 360 3001 infesto
378 2962 460 3000 77777
477 2965 646 3019 spurcaeque
663 2967 829 3021 gravesqu03

140 3022 285 3076 arboribus
301 3023 421 3090 primum
439 3025 522 3075 certis
538 3028 630 3090 gravis
648 3026 745 3078 umbra
761 3027 867 3082 tributa

141 3114 230 3166 nsque
247 3097 326 3163 adeo,
342 3096 441 3164 capitis
457 3097 559 3151 saciant
548 3104 608 3152 tut
626 3116 707 3167 saepo
726 3100 841 3168 dolores,

143 3173 229 3290 {quis
247 3188 293 3225 777
311 3174 408 3237 supter
424 3169 508 3224 iacuit
524 3177 679 3238 prostratus
696 3173 725 3226 in
741 3174 840 3227 herbis
953 3190 991 3233 rsa

1006 3318 1067 3352 A
