2176 3404
553 62 584 118 V
946 69 1001 128 137

149 172 180 223 et
198 170 285 237 magis
302 168 353 221 hoo
370 166 476 220 limam:
494 157 597 233 quanto
615 165 760 220 demissior
777 166 836 221 eius

148 260 246 299 mrsus
264 243 342 296 abest
360 241 453 310 procul
471 257 488 293 a
506 239 580 293 eaelo
597 241 735 309 terrisque
752 242 926 312 propinquat,
969 259 1005 299 mo

148 325 229 375 tanto
247 335 327 388 posse
345 318 434 372 minus
451 335 512 371 eum
531 317 616 384 signis
634 316 748 371 tendere
766 335 883 373 cursum.

148 396 305 450 flaccidiore
323 394 426 448 etenim
444 395 546 462 quanto
563 394 617 446 iam
635 393 746 448 turbine
765 393 854 448 lortur

147 473 264 525 inferior
282 487 363 538 quam
381 470 428 537 sol,
446 471 524 523 tanto
542 470 628 537 magis
646 469 736 524 omnia
755 470 831 539 signa

37 592 40 595 .
148 549 220 601 hane
238 547 424 615 atllpiseuntur
441 545 544 600 circum
561 549 726 614 praeterque
744 547 876 603 feruntur.

149 626 298 691 propterea
314 623 348 675 fit
365 626 396 676 ut
414 622 480 683 haee
499 622 535 675 ad
552 623 659 690 signum
678 623 807 691 quodque
825 624 925 679 revert'
969 639 1005 678 ase

149 699 277 752 mobilius
295 698 429 766 rideatur,
447 697 483 752 ad
501 697 570 752 hano
589 698 652 767 quia
670 699 748 767 signa
765 700 895 755 revisunt.

149 776 184 829 fit
203 792 311 843 quoque
330 778 361 828 ut
379 792 395 827 e
414 775 509 828 mundi
527 775 691 829 transversis
709 775 834 844 partibus
851 793 899 832 aer

149 850 265 905 altemis
283 855 358 905 certo
377 851 462 904 fluere
479 851 550 905 alter
567 854 692 920 tempore
710 853 803 920 possit,

150 927 199 995 qui
217 931 300 994 queat
318 928 427 981 aestivis
446 927 530 981 solem
550 927 699 982 detrudere
718 928 800 997 signis

149 1003 281 1075 brumalis
298 1020 384 1072 usquo
402 1004 438 1056 ad
455 1003 542 1058 flexus
559 1004 737 1073 gelidumque
755 1006 880 1073 rigorem,

149 1083 181 1133 et
198 1080 245 1148 qui
263 1079 359 1133 reiciat
375 1079 474 1148 gelidis
491 1097 507 1133 a
525 1080 634 1148 frigoris
651 1080 754 1134 umbris

150 1155 293 1209 aestiferas
312 1172 398 1225 usque
417 1157 444 1209 in
462 1157 549 1225 partis
567 1160 596 1210 ot
613 1157 719 1210 fervida
737 1158 820 1225 signa.

150 1234 181 1284 et
199 1232 307 1286 ratione
325 1232 383 1300 pari
402 1231 493 1285 lunam
512 1231 660 1301 stellasque
678 1234 864 1301 putandumst,

149 1325 221 1377 quae
239 1309 351 1362 volvunt
369 1324 481 1375 magnos
499 1309 527 1360 in
547 1309 651 1377 magnis
669 1307 781 1362 orbibus
799 1326 890 1377 annos,

148 1385 260 1459 aeribus
277 1401 357 1454 posse
375 1384 488 1438 alternis
506 1402 521 1438 e
540 1385 665 1452 partibus
682 1386 729 1439 ire.

148 1477 238 1515 nonno
256 1460 334 1515 vidos
352 1461 434 1514 etiam
453 1460 567 1514 diversis
584 1460 678 1514 nubila
693 1461 783 1515 ventis

149 1536 272 1591 diversas
289 1538 330 1590 ire
348 1538 376 1591 in
393 1537 480 1605 partis
497 1537 603 1591 inferna
620 1537 761 1605 supernisl

148 1613 196 1681 qui
215 1613 304 1666 minus
321 1612 368 1666 illa
386 1618 487 1682 queant
504 1630 554 1682 per
571 1630 683 1681 magnos
701 1613 820 1668 aetheris
838 1614 913 1668 orbis

149 1689 272 1743 aestibus
290 1688 364 1743 inter
382 1706 412 1743 se
429 1689 544 1744 diversis
562 1690 653 1743 sidera
669 1689 753 1744 ferril
843 1710 846 1715 ’

148 1806 155 1829 ‹
184 1767 226 1820 At
244 1782 298 1819 nox
316 1765 408 1819 obruit
425 1765 531 1833 ingenti
549 1765 663 1834 ealigine
680 1768 777 1830 terras,

148 1845 198 1896 aut
214 1842 262 1896 ubi
281 1843 316 1896 de
334 1841 414 1909 longo
432 1859 513 1896 eursu
531 1842 571 1895 sol
589 1842 685 1895 ultima
703 1842 771 1896 caeli

148 1917 260 1986 impulit
278 1922 363 1987 atque
381 1935 444 1972 suos
463 1918 564 1972 efflavit
582 1918 725 1986 languidus
743 1918 814 1986 ignis

150 2010 293 2048 concussos
312 1996 383 2049 itere
401 1999 430 2049 et
447 1994 596 2049 labefactos
614 2011 677 2048 aere
694 1994 788 2063 multo,
825 2063 826 2067 ἵ

148 2074 198 2124 aut
216 2072 280 2140 quia
298 2071 349 2124 sub
366 2074 456 2124 terras
474 2088 580 2124 cursum
601 2074 761 2125 convortere
778 2072 851 2139 cogit

146 2148 189 2201 ris
207 2148 311 2216 eadem,
330 2163 414 2216 supra
432 2164 503 2215 quae
522 2151 609 2201 terras
628 2149 742 2216 pertulit
759 2147 860 2201 orbem.

183 2222 317 2293 Tempore
335 2224 402 2277 item
421 2227 497 2277 certo
515 2240 622 2277 roseam
640 2224 750 2279 Matuta
766 2241 817 2292 per
834 2240 896 2277 oras

148 2299 269 2354 aetheris
288 2315 414 2354 auroram
433 2299 527 2354 differt
544 2307 573 2354 et
590 2300 692 2354 lumina
710 2300 813 2369 pandit,

147 2379 197 2429 aut
215 2376 279 2444 quia
296 2376 336 2429 sol
353 2376 435 2443 idem,
455 2376 506 2429 sub
523 2380 611 2430 terras
629 2376 674 2430 ille
692 2379 840 2444 revertens,

147 2448 282 2521 anticipat
301 2452 404 2506 caelum
423 2452 508 2505 radiis
526 2453 675 2506 accendere
693 2456 839 2521 temptans,

147 2531 196 2581 aut
214 2530 278 2596 quia
294 2530 457 2582 conveniunt
474 2530 551 2596 ignes
569 2533 597 2583 et
615 2529 717 2583 semina
734 2529 821 2582 multa

147 2603 284 2659 confluere
302 2604 409 2660 ardoris
427 2610 592 2659 consuerunt
610 2609 733 2674 tompore
752 2610 835 2670 corto,

147 2697 218 2751 quae
236 2683 339 2736 iaciunt
357 2682 420 2735 solis
438 2698 508 2735 nova
525 2698 634 2751 semper
651 2681 754 2736 lumina
770 2680 861 2748 gigan

147 2758 222 2828 quod
239 2775 326 2826 genus
345 2757 438 2812 Idaeis
455 2758 528 2812 sama
545 2763 589 2813 est
606 2775 622 2812 e
640 2757 778 2812 montibus
795 2755 858 2809 altis

147 2835 288 2905 dispersos
306 2837 378 2907 ignis
396 2835 495 2889 orienti
513 2835 614 2890 lumine
632 2836 714 2901 oernl,

145 2912 212 2966 inde
224 2915 296 2970 eolre
307 2914 419 2984 globum
431 2911 509 2979 quasi
520 2912 547 2985 in
559 2928 643 2965 unum
657 2915 685 2965 et
698 2909 831 2964 conticere
843 2907 945 2961 orbem.
963 2921 999 2959 aaa

146 3006 200 3045 nec
217 2996 310 3046 tamen
327 2991 398 3045 illud
415 2989 443 3042 in
460 2987 503 3039 his
521 2986 602 3039 rebus
621 2984 746 3038 mirabile
764 2983 848 3036 debet

147 3083 216 3132 osse,
235 3068 310 3138 quod
326 3069 394 3120 baec
412 3062 482 3129 iguis
500 3063 558 3110 tam
576 3063 652 3112 certe
671 3064 795 3124 tempore
812 3055 926 3123 possunt

148 3145 253 3197 semina
270 3143 407 3197 confluere
425 3139 455 3189 et
472 3131 537 3185 solis
555 3148 684 3199 reparare
700 3132 841 3185 nitorem.»

152 3215 180 3257 14
