2190 3398
86 45 128 106 50
320 74 325 83 ·
502 42 538 99 ΙΙ

84 153 115 205 at
131 147 199 204 rarii
215 160 310 202 rerum
326 142 473 217 inpediunt
490 145 694 217 prohibentque
712 145 816 202 coloreo

85 225 230 294 quominus
247 239 309 278 osse
326 239 382 278 uuo
400 222 489 294 possit
506 239 552 278 res
569 225 630 277 tola
647 223 744 278 nitore.
784 253 798 294 ι

123 301 193 357 Tum
211 317 293 373 porro
310 316 382 370 quae
399 300 478 357 ducit
495 303 525 356 et
542 299 629 355 inlicit
645 304 678 356 ui
695 301 849 357 tribuamus

86 379 229 449 principiis
246 394 339 432 rerum
357 394 561 448 nonnumquam
578 394 660 433 causa
676 379 788 447 colores,

84 455 193 522 occidit,
211 472 245 509 ex
263 455 333 510 albis
351 456 479 524 quoniam
496 473 551 511 non
568 455 632 510 alba
649 460 786 525 creantur,

83 548 135 587 nec
155 548 227 600 quae
243 532 323 600 nigra
340 533 434 588 cluent
453 533 489 587 de
506 533 592 602 nigris
609 531 660 588 sed
677 534 760 588 variis
776 550 820 589 ex.

83 610 187 680 quippo
204 610 307 664 etenim
324 610 413 666 multo
430 609 577 680 proclivius
593 609 754 666 exorientur
821 668 825 677 ,
855 664 858 673 ,

70 685 200 757 Ιοιιιιιίἱιὶιι
218 685 254 740 de
271 686 346 741 nullo
364 703 447 777 quanr
464 686 542 756 nigro
559 690 626 742 nala
643 686 735 742 colore

66 764 133 816 'aut
150 762 203 816 alio
221 764 318 832 quouis
336 764 383 852 qui
392 752 496 818 contra
513 766 619 833 pugnet
636 767 666 818 ei
683 763 782 818 obstet.

119 839 268 894 Praeterea
285 840 411 908 quoniam
428 843 570 909 nequeunt
587 841 645 895 sinc
661 841 722 895 lnce
739 840 842 895 colores

84 932 145 970 esse
162 932 252 985 neque
269 916 299 970 in
315 916 405 969 lucem
423 916 547 971 existunt
565 916 715 986 primordia
732 932 833 981 rorum,

84 993 156 1047 scire
173 992 240 1047 licet
257 1007 340 1060 quarn
358 990 414 1046 sini
430 992 507 1046 nullo
524 993 615 1047 relata
632 993 730 1046 coloro.

84 1069 172 1139 qualis
189 1069 262 1123 eninr
279 1068 368 1123 caecis
386 1069 490 1138 poterit
508 1069 582 1123 color
600 1085 660 1124 esso
677 1067 816 1124 iencbrisl

84 1146 186 1201 lumine
204 1146 270 1215 quin
287 1145 347 1216 ipso
364 1148 490 1200 mutatur
507 1149 657 1215 propterea
674 1145 748 1216 quod

83 1227 162 1278 recia
178 1226 227 1279 aul
244 1223 356 1292 obliqua
372 1238 519 1292 percussus
535 1222 597 1276 luce
615 1223 748 1291 reirrlgei3

83 1299 178 1370 pluma
195 1299 385 1354 columbarum
403 1315 457 1366 quo
475 1301 558 1368 pacto
575 1299 603 1352 in
621 1299 678 1354 sole
695 1299 814 1366 videtur,

84 1391 155 1444 quae
173 1376 227 1431 sita
244 1375 365 1431 cervices
382 1376 485 1430 circum
502 1375 656 1445 collumque
673 1376 800 1440 coronni3

83 1467 204 1520 namque
221 1454 289 1507 alias
306 1453 339 1507 fit
356 1453 399 1507 uti
417 1452 491 1507 claro
509 1452 546 1506 sit
563 1451 647 1506 rubra
664 1467 774 1521 pyropo,

84 1527 225 1582 interdurn
243 1529 363 1598 quodam
381 1546 463 1583 sensu
480 1529 514 1583 fit
531 1529 573 1582 un
590 1529 719 1582 videnlur

83 1604 160 1658 inter
177 1605 309 1658 curalium
327 1605 423 1659 uiridis
440 1605 555 1658 miscere
573 1604 742 1673 zmaragdos

84 1681 231 1749 caudaque
249 1681 370 1751 pavonis,
388 1681 467 1751 larga
484 1698 546 1735 cmn
564 1681 626 1735 luce
643 1680 752 1751 repleta
769 1683 820 1748 est,

84 1757 218 1811 consimili
235 1761 326 1813 mutel
343 1759 452 1813 ratione
470 1757 567 1811 obvers
557 1775 587 1811 ιι
604 1757 722 1823 colores;

84 1838 132 1907 qui
149 1835 277 1904 quoniam
295 1836 416 1905 quodam
433 1837 584 1905 gignuntur
601 1834 710 1888 luminis
727 1834 791 1900 ictu,

84 1913 155 1965 scire
172 1911 237 1966 lnce
225 1913 321 1980 tsine,
339 1930 372 1967 co
389 1913 450 1967 fieri
467 1927 522 1964 non
539 1928 620 1981 posse
637 1911 791 1981 putandum
809 1912 859 1964 ost.

84 1991 114 2042 ei
131 1989 258 2055 qnoniam
276 1989 374 2058 plagae
391 1989 530 2057 quoddam
548 2005 635 2056 genus
652 1987 754 2056 excipit
770 1987 798 2040 in
816 2003 846 2040 so
912 2000 950 2040 ero

84 2066 195 2134 pupula,
213 2083 275 2120 curn
294 2067 396 2120 sentire
413 2066 533 2120 colorem
551 2065 652 2118 dicitur
670 2064 769 2132 album,

84 2145 169 2211 atque
186 2141 262 2196 aliud
279 2159 369 2213 porro,
387 2143 497 2211 nigrum
514 2159 577 2196 cum
595 2144 624 2195 cl
641 2145 735 2195 celera
752 2139 844 2207 sentit,

85 2234 136 2272 nec
154 2218 242 2273 refert
260 2236 295 2274 oa
311 2235 382 2288 quae
400 2223 498 2288 tangas
516 2235 572 2288 quo
588 2218 662 2272 forie
680 2217 771 2273 coloro

85 2294 213 2364 praedita
232 2296 294 2361 sini,
312 2312 408 2350 verum
426 2296 499 2364 quali
517 2295 605 2363 magis
623 2299 691 2364 apia
709 2294 806 2363 figura,

87 2371 156 2426 scire
174 2370 240 2426 licei
257 2372 295 2425 nil
313 2371 455 2441 principiis
472 2388 541 2441 opus
560 2388 622 2425 case
640 2371 754 2440 colores,
908 2382 947 2423 ers

87 2447 137 2501 sed
154 2448 237 2502 variis
254 2448 350 2501 formis
368 2448 507 2502 variantes
525 2449 609 2501 cdere
626 2451 727 2502 taetus.

122 2524 273 2579 Praeterea
290 2523 418 2590 quoniam
436 2539 491 2576 non
509 2524 593 2578 coriis
610 2528 688 2578 ceria
705 2522 801 2592 figuris

45 2663 47 2667 ¹
87 2603 131 2655 est
148 2605 248 2656 natura
266 2599 364 2653 coloris
382 2602 412 2654 ei
429 2600 521 2653 omnia
538 2601 733 2670 principiorum

86 2677 269 2731 formamenta
286 2679 390 2744 queunt
407 2675 437 2730 iu
455 2678 549 2746 quovis
567 2694 628 2732 esse
645 2678 742 2743 nitore,

87 2769 136 2806 cur
154 2769 274 2819 eaquae
292 2755 421 2806 constant
438 2769 473 2806 ex
490 2752 544 2806 illis
561 2769 616 2807 non
633 2754 739 2822 pariter
756 2753 821 2806 suni
908 2763 944 2805 ιιι

87 2842 167 2878 omne
184 2842 270 2892 genus
287 2827 400 2893 perfilsa
417 2827 578 2881 coloribus'
569 2844 598 2881 ιιι
615 2845 718 2896 genere
734 2827 823 2882 omuii
855 2856 863 2885 ι

88 2899 268 2952 conveniebat
286 2901 358 2952 enim
376 2918 472 2955 corvos
489 2918 598 2971 quoquo
616 2919 698 2972 saepe
714 2901 832 2957 solantis

88 2987 123 3023 ex
141 2971 210 3024 albis
227 2972 319 3025 album
337 2975 428 3060 pinnis
443 2977 548 3030 iactare
565 2977 684 3031 colorem

87 3047 119 3097 el
134 3044 227 3110 nigros
245 3045 305 3098 lieri
321 3048 401 3113 nigro
418 3049 455 3103 de
471 3052 574 3105 semine
592 3067 689 3118 cycnos

88 3119 137 3170 aui
153 3118 207 3170 alio
224 3119 320 3186 quovis
335 3135 390 3174 uno
408 3123 537 3192 varioque
555 3125 653 3179 colore.
