2190 3398
550 89 585 146 II

140 196 172 250 et
187 192 281 248 ridere
298 195 392 262 potest
408 208 463 245 non
481 207 515 246 ex
532 190 681 256 ridentibu'
697 191 788 249 faetus

140 274 171 325 et
188 286 284 338 sapere
302 271 332 323 et
349 268 440 321 doctis
456 267 592 321 rationem
609 267 728 331 reddere
746 266 828 323 dictis

140 363 195 400 non
213 363 251 400 er
266 344 415 400 seminibus
434 343 603 413 sapientibus
621 347 706 412 atque,
723 344 842 414 disertis,

140 423 189 492 qui
206 422 296 476 minus
314 437 375 475 esse
392 424 496 489 queant
513 435 548 475 ea
564 420 635 490 quae
654 421 757 477 sentire
774 421 901 477 videmus

140 498 291 554 seminibus
306 497 445 567 permixta
461 496 619 552 carentibus
636 497 759 566 undique
777 499 875 552 sensui
959 514 996 554 aso

176 574 303 644 Denique
321 573 433 629 caelesti
451 589 545 635 sumus
562 589 657 628 omnes
675 573 778 628 semine
796 574 922 640 oriundi;

139 647 268 706 omnibus
285 649 332 703 ille
348 649 424 704 idern
441 652 523 718 pater
540 651 591 718 est,
608 650 682 704 unde
700 649 772 705 alma
788 649 920 718 liquentis

139 725 244 781 umoris
261 728 355 794 guttas
372 729 462 780 mater
479 741 542 779 oum
559 728 635 779 terra
650 726 763 795 recepit,

138 806 197 861 feta
214 802 288 872 parit
304 802 407 856 nitidas
424 803 518 870 fruges
535 801 702 871 arbustaque
720 803 793 859 laeta

138 882 169 939 et
186 895 274 947 genus
291 878 447 946 humanum,
465 878 539 947 parit
555 878 647 932 omnia
664 879 753 933 saecla
769 881 898 949 ferarum,
958 895 996 935 aas

137 954 240 1025 pabula
257 971 319 1008 oum
336 954 453 1025 praebet
468 954 568 1022 quibus
584 971 679 1011 omnes
695 972 810 1026 corpora
826 961 943 1027 pascunt

139 1035 169 1087 et
187 1032 296 1087 dulcem
314 1031 420 1085 ducunt
436 1031 522 1086 vitam
540 1031 699 1101 prolemque
715 1039 884 1103 propagant3

139 1113 310 1179 quapropter
326 1107 426 1162 merito
442 1111 597 1162 maternum
614 1124 712 1163 nomen
729 1109 831 1180 adepta
848 1113 899 1165 est.

138 1185 215 1240 cedit
230 1186 299 1239 item
316 1189 400 1253 retro,
417 1185 453 1238 de
471 1187 547 1238 terra
563 1185 638 1253 quod
653 1185 706 1239 fuit
724 1189 797 1254 ante,

136 1262 166 1323 in
184 1266 281 1329 terras,
299 1265 328 1316 et
345 1260 419 1329 quod
436 1261 576 1321 missumst
593 1277 627 1315 ex
645 1261 765 1316 aetheris
780 1263 846 1333 oris,
943 1279 997 1331 ,roob

138 1338 169 1391 id
186 1355 294 1392 rursum
311 1337 378 1392 caeli
396 1337 523 1393 rellatum
541 1337 644 1407 templa
660 1342 812 1407 receptant.

138 1431 190 1468 nco
209 1414 247 1469 sic
263 1414 405 1469 interemit
421 1430 495 1468 mors
512 1431 557 1469 res
573 1417 605 1467 ut
623 1414 747 1471 materiai
779 1472 785 1481 a

137 1507 254 1560 corpora
270 1490 405 1555 conficiat,
422 1490 473 1545 scd
490 1494 599 1545 coetum
616 1488 741 1560 dissupat
757 1491 826 1547 ollis.

137 1567 204 1622 inde
221 1567 280 1621 aliis
297 1566 376 1623 aliud
391 1566 564 1635 conismgitur
580 1570 610 1620 et
628 1566 661 1621 iit
677 1570 711 1621 ut
728 1583 821 1623 omues

137 1659 184 1704 res
200 1643 241 1698 ita
258 1647 419 1698 convertant
435 1643 537 1696 formas
554 1646 716 1712 mutentque
733 1645 837 1700 colores
948 1662 995 1703 roos

137 1722 170 1774 et
186 1719 295 1788 capiant
313 1736 407 1774 sensus
424 1722 454 1773 et
472 1723 575 1788 puncto
592 1723 717 1788 temporo
734 1721 861 1790 reddant,

136 1799 171 1849 ut
187 1812 283 1850 noscas
300 1795 404 1870 referre
421 1795 518 1849 endem
536 1795 686 1867 primordia
702 1813 794 1851 rerum

136 1889 201 1926 oum
218 1871 316 1940 quibus
333 1875 363 1926 et
380 1872 454 1943 quali
471 1871 595 1941 positura
611 1873 803 1929 contineantur

136 1950 168 2002 ct
184 1964 252 2017 quos
268 1949 341 2002 inter
358 1965 388 2002 se
405 1949 473 2002 deut
490 1952 581 2002 motus
597 1949 792 2020 accipiantque,

134 2041 205 2078 neve
222 2027 303 2094 putes
320 2028 432 2098 aeterna
448 2042 534 2095 penos
550 2025 672 2080 residere
688 2030 798 2095 potesse
948 2045 995 2084 1oro

136 2116 254 2167 corpora
270 2101 358 2169 prima
376 2101 449 2168 quod
467 2102 495 2154 in
514 2102 626 2156 summis
643 2102 751 2158 fluitare
768 2104 892 2161 videmus

134 2176 219 2231 rebus
237 2180 266 2230 ot
282 2177 422 2232 interdum
440 2178 514 2232 nasci
532 2178 790 2249 subitoquoperire.

135 2253 302 2321 quinetiam
320 2254 406 2308 refert
423 2255 524 2308 uostris
542 2255 570 2308 in
588 2255 710 2310 versibus
726 2257 794 2326 ipsis

135 2346 200 2384 cum
217 2329 315 2399 quibus
331 2333 362 2403 et
378 2330 453 2399 quati
470 2331 525 2385 sint
542 2331 637 2386 ordine
654 2349 778 2402 quaeque
794 2333 891 2390 locata.

135 2420 241 2458 Nudus
251 2421 335 2454 nour(
348 2422 447 2456 CAELUM
457 2422 526 2455 ΜΑΒΕ
538 2423 631 2456 TERRAS
644 2424 755 2458 suumn
770 2425 846 2458 soum
947 2429 995 2468 1015

135 2482 291 2517 erasmum
303 2484 387 2518 EADEM
401 2485 494 2518 Fundus
504 2485 614 2518 Aususrs
627 2485 762 2520 ΑΜΜΔΝΤΙΒ

135 2547 160 2601 si
178 2563 232 2600 non
249 2547 339 2600 omnia
356 2542 429 2615 sunt*
446 2551 476 2601 at
493 2547 580 2601 multo
597 2548 715 2602 rrmxima
733 2552 859 2617 passast

135 2622 299 2688 consimilis;
316 2639 411 2677 rerum
428 2623 552 2692 positura
569 2623 750 2691 discrepitant
767 2641 819 2680 res.

135 2698 176 2754 sic
192 2699 260 2769 ipsis
277 2699 306 2754 in
323 2699 406 2754 rebus
423 2700 490 2754 item
508 2700 562 2753 iam
580 2699 705 2754 materiai

134 2793 290 2843 immun
301 2793 358 2827 viss
370 2793 480 2827 CONEXUS
493 2794 604 2826 PONDERA
618 2794 726 2827 Paeonas
947 2794 995 2835 1020

134 2857 283 2909 concursus
299 2857 390 2909 motus
407 2855 476 2910 ordo
493 2856 618 2925 positura
635 2855 739 2923 figurae

134 2946 198 2985 cum
215 2934 415 3000 permutantur,
433 2931 534 2986 mutari
551 2948 596 2985 res
613 2948 721 3001 quoquo
739 2931 850 2988 debent

170 3006 197 3061 N
199 3023 253 3062 uno
271 3010 389 3061 animum
406 3007 484 3061 nobis
502 3007 602 3061 adhibe
620 3024 711 3060 veram
729 3007 765 3060 ad
783 3009 925 3072 rationem.
966 3042 969 3045 -

133 3100 198 3137 nam
215 3083 269 3137 tibi
285 3087 428 3138 vementer
444 3099 514 3136 nova
530 3099 575 3136 res
592 3082 704 3134 molitur
721 3081 757 3133 ad
774 3080 848 3133 auris

134 3158 269 3221 secedere
286 3163 316 3216 ot
332 3175 403 3214 nova
420 3174 450 3212 so
467 3157 573 3226 specics
590 3154 736 3208 ostendere
753 3169 853 3207 rerum.
947 3160 995 3205 roro

1001 3296 1092 3372 A
