<?xml version="1.0" encoding="UTF-8"?>
<!DOCTYPE html PUBLIC "-//W3C//DTD XHTML 1.0 Transitional//EN"
    "http://www.w3.org/TR/xhtml1/DTD/xhtml1-transitional.dtd">
<html xmlns="http://www.w3.org/1999/xhtml" xml:lang="en" lang="en">
 <head>
  <title>
</title>
<meta http-equiv="Content-Type" content="text/html;charset=utf-8" />
  <meta name='ocr-system' content='tesseract 3.04.00' />
  <meta name='ocr-capabilities' content='ocr_page ocr_carea ocr_par ocr_line ocrx_word'/>
</head>
<body>
  <div class='ocr_page' id='page_1' title='image "./tlucreticarider08munrgoog_0137.png"; bbox 0 0 2190 3398; ppageno 0'>
   <div class='ocr_carea' id='block_1_1' title="bbox 339 506 668 591">
    <p class='ocr_par' dir='ltr' id='par_1_1' title="bbox 339 506 668 591">
     <span class='ocr_line' id='line_1_1' title="bbox 339 506 668 591; baseline 0 -30"><span class='ocrx_word' id='word_1_1' title='bbox 339 507 368 562; x_wconf 78' lang='grc' dir='ltr'>Τ.</span> <span class='ocrx_word' id='word_1_2' title='bbox 386 506 552 591; x_wconf 72' lang='lat' dir='ltr'>molem</span> <span class='ocrx_word' id='word_1_3' title='bbox 572 507 668 562; x_wconf 81' lang='lat' dir='ltr'>CARI</span> 
     </span>
    </p>
   </div>
   <div class='ocr_carea' id='block_1_2' title="bbox 180 675 827 927">
    <p class='ocr_par' dir='ltr' id='par_1_2' title="bbox 180 675 827 927">
     <span class='ocr_line' id='line_1_2' title="bbox 180 675 827 755; baseline 0.005 -3"><span class='ocrx_word' id='word_1_4' title='bbox 180 677 261 752; x_wconf 85' lang='lat' dir='ltr'>DE</span> <span class='ocrx_word' id='word_1_5' title='bbox 300 675 520 750; x_wconf 86' lang='lat' dir='ltr'>RERUM</span> <span class='ocrx_word' id='word_1_6' title='bbox 559 675 827 755; x_wconf 83' lang='lat' dir='ltr'><strong>NATURA</strong></span> 
     </span>
     <span class='ocr_line' id='line_1_3' title="bbox 232 865 679 927; baseline 0 -13"><span class='ocrx_word' id='word_1_7' title='bbox 232 922 237 927; x_wconf 50' lang='grc'><strong>,</strong></span> <span class='ocrx_word' id='word_1_8' title='bbox 324 865 679 924; x_wconf 76' lang='lat' dir='ltr'>nrnnnonnnnns.</span> 
     </span>
    </p>
   </div>
   <div class='ocr_carea' id='block_1_3' title="bbox 446 1045 548 1077">
    <p class='ocr_par' dir='ltr' id='par_1_3' title="bbox 446 1045 548 1077">
     <span class='ocr_line' id='line_1_4' title="bbox 446 1045 548 1077; baseline 0 -11"><span class='ocrx_word' id='word_1_9' title='bbox 446 1045 548 1077; x_wconf 51' lang='grc'>..4-</span> 
     </span>
    </p>
   </div>
   <div class='ocr_carea' id='block_1_4' title="bbox 75 1202 936 3250">
    <p class='ocr_par' dir='ltr' id='par_1_4' title="bbox 77 1202 731 1274">
     <span class='ocr_line' id='line_1_5' title="bbox 77 1202 731 1274; baseline 0 -16"><span class='ocrx_word' id='word_1_10' title='bbox 77 1202 162 1274; x_wconf 84' lang='lat' dir='ltr'>[Avio</span> <span class='ocrx_word' id='word_1_11' title='bbox 179 1203 320 1259; x_wconf 77' lang='lat' dir='ltr'><strong>Pieridum</strong></span> <span class='ocrx_word' id='word_1_12' title='bbox 337 1220 454 1274; x_wconf 77' lang='lat' dir='ltr'>peragro</span> <span class='ocrx_word' id='word_1_13' title='bbox 472 1203 533 1260; x_wconf 80' lang='lat' dir='ltr'>lece</span> <span class='ocrx_word' id='word_1_14' title='bbox 548 1203 648 1258; x_wconf 84' lang='lat' dir='ltr'>nullius</span> <span class='ocrx_word' id='word_1_15' title='bbox 665 1205 731 1258; x_wconf 83' lang='lat' dir='ltr'>onte</span> 
     </span>
    </p>

    <p class='ocr_par' dir='ltr' id='par_1_5' title="bbox 76 1279 707 1348">
     <span class='ocr_line' id='line_1_6' title="bbox 76 1279 707 1348; baseline -0.002 -13"><span class='ocrx_word' id='word_1_16' title='bbox 76 1281 144 1335; x_wconf 81' lang='lat' dir='ltr'>trite</span> <span class='ocrx_word' id='word_1_17' title='bbox 162 1281 226 1336; x_wconf 85' lang='lat' dir='ltr'>solo.</span> <span class='ocrx_word' id='word_1_18' title='bbox 242 1281 318 1335; x_wconf 79' lang='lat' dir='ltr'>iuvet</span> <span class='ocrx_word' id='word_1_19' title='bbox 334 1280 456 1348; x_wconf 84' lang='lat' dir='ltr'>integros</span> <span class='ocrx_word' id='word_1_20' title='bbox 474 1279 607 1334; x_wconf 78' lang='lat' dir='ltr'>accedere</span> <span class='ocrx_word' id='word_1_21' title='bbox 624 1280 707 1334; x_wconf 81' lang='lat' dir='ltr'>fontis</span> 
     </span>
    </p>

    <p class='ocr_par' dir='ltr' id='par_1_6' title="bbox 76 1354 808 1427">
     <span class='ocr_line' id='line_1_7' title="bbox 76 1354 808 1427; baseline -0.004 -16"><span class='ocrx_word' id='word_1_22' title='bbox 76 1360 160 1427; x_wconf 81' lang='lat' dir='ltr'>atque</span> <span class='ocrx_word' id='word_1_23' title='bbox 177 1357 293 1424; x_wconf 76' lang='lat' dir='ltr'>linense,</span> <span class='ocrx_word' id='word_1_24' title='bbox 311 1357 440 1425; x_wconf 80' lang='lat' dir='ltr'>iuvatque</span> <span class='ocrx_word' id='word_1_25' title='bbox 457 1372 542 1410; x_wconf 85' lang='lat' dir='ltr'>noros</span> <span class='ocrx_word' id='word_1_26' title='bbox 559 1355 708 1426; x_wconf 85' lang='lat' dir='ltr'>decerpere</span> <span class='ocrx_word' id='word_1_27' title='bbox 724 1354 808 1409; x_wconf 85' lang='lat' dir='ltr'>flores</span> 
     </span>
    </p>

    <p class='ocr_par' dir='ltr' id='par_1_7' title="bbox 77 1429 785 1503">
     <span class='ocr_line' id='line_1_8' title="bbox 77 1429 785 1503; baseline -0.003 -16"><span class='ocrx_word' id='word_1_28' title='bbox 77 1429 265 1503; x_wconf 82' lang='lat' dir='ltr'>insignemque</span> <span class='ocrx_word' id='word_1_29' title='bbox 282 1449 344 1488; x_wconf 88' lang='lat' dir='ltr'>meo</span> <span class='ocrx_word' id='word_1_30' title='bbox 362 1432 445 1502; x_wconf 78' lang='lat' dir='ltr'>capiti</span> <span class='ocrx_word' id='word_1_31' title='bbox 464 1435 561 1501; x_wconf 86' lang='lat' dir='ltr'>petere</span> <span class='ocrx_word' id='word_1_32' title='bbox 577 1431 643 1486; x_wconf 90' lang='lat' dir='ltr'>inde</span> <span class='ocrx_word' id='word_1_33' title='bbox 659 1448 785 1486; x_wconf 79' lang='lat' dir='ltr'>coronam</span> 
     </span>
    </p>

    <p class='ocr_par' dir='ltr' id='par_1_8' title="bbox 77 1509 936 1581">
     <span class='ocr_line' id='line_1_9' title="bbox 77 1509 936 1581; baseline -0.001 -18"><span class='ocrx_word' id='word_1_34' title='bbox 77 1509 151 1565; x_wconf 88' lang='lat' dir='ltr'>unde</span> <span class='ocrx_word' id='word_1_35' title='bbox 168 1511 245 1581; x_wconf 87' lang='lat' dir='ltr'>prius</span> <span class='ocrx_word' id='word_1_36' title='bbox 261 1510 329 1563; x_wconf 90' lang='lat' dir='ltr'>nulli</span> <span class='ocrx_word' id='word_1_37' title='bbox 346 1509 462 1563; x_wconf 82' lang='lat' dir='ltr'>velarint</span> <span class='ocrx_word' id='word_1_38' title='bbox 480 1512 604 1576; x_wconf 83' lang='lat' dir='ltr'>tempora</span> <span class='ocrx_word' id='word_1_39' title='bbox 620 1524 732 1572; x_wconf 80' lang='lat' dir='ltr'>mnsae3</span> <span class='ocrx_word' id='word_1_40' title='bbox 921 1524 936 1563; x_wconf 75' lang='lat' dir='ltr'>s</span> 
     </span>
    </p>

    <p class='ocr_par' dir='ltr' id='par_1_9' title="bbox 75 1583 797 1656">
     <span class='ocr_line' id='line_1_10' title="bbox 75 1583 797 1656; baseline -0.004 -16"><span class='ocrx_word' id='word_1_41' title='bbox 75 1585 196 1655; x_wconf 85' lang='lat' dir='ltr'>primunr</span> <span class='ocrx_word' id='word_1_42' title='bbox 214 1586 288 1656; x_wconf 88' lang='lat' dir='ltr'>quod</span> <span class='ocrx_word' id='word_1_43' title='bbox 305 1584 411 1653; x_wconf 81' lang='lat' dir='ltr'>magnis</span> <span class='ocrx_word' id='word_1_44' title='bbox 428 1584 513 1638; x_wconf 89' lang='lat' dir='ltr'>doceo</span> <span class='ocrx_word' id='word_1_45' title='bbox 531 1583 567 1638; x_wconf 89' lang='lat' dir='ltr'>de</span> <span class='ocrx_word' id='word_1_46' title='bbox 584 1583 666 1638; x_wconf 78' lang='lat' dir='ltr'>rebus</span> <span class='ocrx_word' id='word_1_47' title='bbox 683 1587 713 1638; x_wconf 90' lang='lat' dir='ltr'>ct</span> <span class='ocrx_word' id='word_1_48' title='bbox 729 1584 797 1638; x_wconf 80' lang='lat' dir='ltr'>artis</span> 
     </span>
    </p>

    <p class='ocr_par' dir='ltr' id='par_1_10' title="bbox 75 1660 739 1730">
     <span class='ocr_line' id='line_1_11' title="bbox 75 1660 739 1730; baseline -0.003 -15"><span class='ocrx_word' id='word_1_49' title='bbox 75 1661 237 1729; x_wconf 82' lang='lat' dir='ltr'>religionum</span> <span class='ocrx_word' id='word_1_50' title='bbox 255 1661 374 1715; x_wconf 81' lang='lat' dir='ltr'>animum</span> <span class='ocrx_word' id='word_1_51' title='bbox 392 1660 471 1714; x_wconf 86' lang='lat' dir='ltr'>nodis</span> <span class='ocrx_word' id='word_1_52' title='bbox 489 1660 630 1715; x_wconf 83' lang='lat' dir='ltr'>exsolvere</span> <span class='ocrx_word' id='word_1_53' title='bbox 646 1676 739 1730; x_wconf 78' lang='lat' dir='ltr'>pergo,</span> 
     </span>
    </p>

    <p class='ocr_par' dir='ltr' id='par_1_11' title="bbox 77 1732 796 1807">
     <span class='ocr_line' id='line_1_12' title="bbox 77 1732 796 1807; baseline -0.004 -16"><span class='ocrx_word' id='word_1_54' title='bbox 77 1737 177 1795; x_wconf 88' lang='lat' dir='ltr'>deinde</span> <span class='ocrx_word' id='word_1_55' title='bbox 194 1737 269 1806; x_wconf 86' lang='lat' dir='ltr'>quod</span> <span class='ocrx_word' id='word_1_56' title='bbox 286 1737 402 1792; x_wconf 85' lang='lat' dir='ltr'>obscuro</span> <span class='ocrx_word' id='word_1_57' title='bbox 420 1737 456 1791; x_wconf 87' lang='lat' dir='ltr'>de</span> <span class='ocrx_word' id='word_1_58' title='bbox 467 1732 504 1791; x_wconf 58' lang='lat' dir='ltr'>&#39;re</span> <span class='ocrx_word' id='word_1_59' title='bbox 522 1740 579 1791; x_wconf 82' lang='lat' dir='ltr'>tam</span> <span class='ocrx_word' id='word_1_60' title='bbox 597 1736 689 1792; x_wconf 81' lang='lat' dir='ltr'>lucida</span> <span class='ocrx_word' id='word_1_61' title='bbox 705 1753 796 1807; x_wconf 78' lang='lat' dir='ltr'>penge</span> 
     </span>
    </p>

    <p class='ocr_par' dir='ltr' id='par_1_12' title="bbox 76 1813 743 1883">
     <span class='ocr_line' id='line_1_13' title="bbox 76 1813 743 1883; baseline -0.003 -15"><span class='ocrx_word' id='word_1_62' title='bbox 76 1813 203 1880; x_wconf 83' lang='lat' dir='ltr'>carmina,</span> <span class='ocrx_word' id='word_1_63' title='bbox 221 1829 332 1866; x_wconf 84' lang='lat' dir='ltr'>musaeo</span> <span class='ocrx_word' id='word_1_64' title='bbox 350 1814 510 1881; x_wconf 83' lang='lat' dir='ltr'>contingens</span> <span class='ocrx_word' id='word_1_65' title='bbox 527 1817 626 1867; x_wconf 83' lang='lat' dir='ltr'>cuneta</span> <span class='ocrx_word' id='word_1_66' title='bbox 643 1813 743 1883; x_wconf 88' lang='lat' dir='ltr'>lepore.</span> 
     </span>
    </p>

    <p class='ocr_par' dir='ltr' id='par_1_13' title="bbox 75 1889 934 1957">
     <span class='ocr_line' id='line_1_14' title="bbox 75 1889 934 1957; baseline 0.003 -14"><span class='ocrx_word' id='word_1_67' title='bbox 75 1889 107 1943; x_wconf 89' lang='lat' dir='ltr'>id</span> <span class='ocrx_word' id='word_1_68' title='bbox 124 1905 230 1957; x_wconf 88' lang='lat' dir='ltr'>quoquo</span> <span class='ocrx_word' id='word_1_69' title='bbox 248 1889 320 1943; x_wconf 90' lang='lat' dir='ltr'>enim</span> <span class='ocrx_word' id='word_1_70' title='bbox 338 1905 391 1943; x_wconf 91' lang='lat' dir='ltr'>non</span> <span class='ocrx_word' id='word_1_71' title='bbox 409 1890 444 1944; x_wconf 82' lang='lat' dir='ltr'>ob</span> <span class='ocrx_word' id='word_1_72' title='bbox 462 1889 536 1945; x_wconf 72' lang='lat' dir='ltr'>nulla</span> <span class='ocrx_word' id='word_1_73' title='bbox 552 1889 659 1944; x_wconf 77' lang='lat' dir='ltr'>ratione</span> <span class='ocrx_word' id='word_1_74' title='bbox 676 1889 793 1944; x_wconf 80' lang='lat' dir='ltr'>ridetur.</span> <span class='ocrx_word' id='word_1_75' title='bbox 907 1905 934 1946; x_wconf 82' lang='lat' dir='ltr'>ro</span> 
     </span>
    </p>

    <p class='ocr_par' dir='ltr' id='par_1_14' title="bbox 76 1964 778 2036">
     <span class='ocr_line' id='line_1_15' title="bbox 76 1964 778 2036; baseline -0.003 -16"><span class='ocrx_word' id='word_1_76' title='bbox 76 1982 140 2020; x_wconf 80' lang='lat' dir='ltr'>narn</span> <span class='ocrx_word' id='word_1_77' title='bbox 158 1964 243 2020; x_wconf 80' lang='lat' dir='ltr'>veluti</span> <span class='ocrx_word' id='word_1_78' title='bbox 260 1965 354 2036; x_wconf 87' lang='lat' dir='ltr'>pueris</span> <span class='ocrx_word' id='word_1_79' title='bbox 373 1965 510 2020; x_wconf 81' lang='lat' dir='ltr'>absinthio</span> <span class='ocrx_word' id='word_1_80' title='bbox 526 1970 618 2020; x_wconf 82' lang='lat' dir='ltr'>taetra</span> <span class='ocrx_word' id='word_1_81' title='bbox 635 1965 778 2020; x_wconf 88' lang='lat' dir='ltr'>medentes</span> 
     </span>
    </p>

    <p class='ocr_par' dir='ltr' id='par_1_15' title="bbox 76 2041 891 2112">
     <span class='ocr_line' id='line_1_16' title="bbox 76 2041 891 2112; baseline -0.002 -15"><span class='ocrx_word' id='word_1_82' title='bbox 76 2059 138 2097; x_wconf 87' lang='lat' dir='ltr'>cum</span> <span class='ocrx_word' id='word_1_83' title='bbox 156 2042 224 2098; x_wconf 83' lang='lat' dir='ltr'>dere</span> <span class='ocrx_word' id='word_1_84' title='bbox 240 2046 383 2112; x_wconf 82' lang='lat' dir='ltr'>conentur,</span> <span class='ocrx_word' id='word_1_85' title='bbox 400 2044 477 2112; x_wconf 90' lang='lat' dir='ltr'>prius</span> <span class='ocrx_word' id='word_1_86' title='bbox 494 2058 557 2096; x_wconf 83' lang='lat' dir='ltr'>oras</span> <span class='ocrx_word' id='word_1_87' title='bbox 573 2042 672 2111; x_wconf 83' lang='lat' dir='ltr'>pocula</span> <span class='ocrx_word' id='word_1_88' title='bbox 689 2041 790 2096; x_wconf 89' lang='lat' dir='ltr'>circum</span> <span class='ocrx_word' id='word_1_89' title='bbox 888 2106 891 2109; x_wconf 22' lang='lat'>¹</span> 
     </span>
    </p>

    <p class='ocr_par' dir='ltr' id='par_1_16' title="bbox 77 2117 709 2188">
     <span class='ocr_line' id='line_1_17' title="bbox 77 2117 709 2188; baseline -0.005 -14"><span class='ocrx_word' id='word_1_90' title='bbox 77 2118 238 2188; x_wconf 83' lang='lat' dir='ltr'>contingunt</span> <span class='ocrx_word' id='word_1_91' title='bbox 255 2120 345 2174; x_wconf 87' lang='lat' dir='ltr'>mellis</span> <span class='ocrx_word' id='word_1_92' title='bbox 362 2119 436 2174; x_wconf 87' lang='lat' dir='ltr'>dulei</span> <span class='ocrx_word' id='word_1_93' title='bbox 453 2118 578 2187; x_wconf 76' lang='lat' dir='ltr'>flavoque</span> <span class='ocrx_word' id='word_1_94' title='bbox 595 2117 709 2188; x_wconf 88' lang='lat' dir='ltr'>liquore,</span> 
     </span>
    </p>

    <p class='ocr_par' dir='ltr' id='par_1_17' title="bbox 76 2193 703 2269">
     <span class='ocr_line' id='line_1_18' title="bbox 76 2193 703 2269; baseline 0 -21"><span class='ocrx_word' id='word_1_95' title='bbox 76 2199 109 2250; x_wconf 91' lang='lat' dir='ltr'>ut</span> <span class='ocrx_word' id='word_1_96' title='bbox 126 2212 272 2265; x_wconf 83' lang='lat' dir='ltr'>pueronrm</span> <span class='ocrx_word' id='word_1_97' title='bbox 290 2200 367 2251; x_wconf 81' lang='lat' dir='ltr'>setas</span> <span class='ocrx_word' id='word_1_98' title='bbox 384 2193 703 2269; x_wconf 70' lang='lat' dir='ltr'>inprosn‘deludificetur</span> 
     </span>
    </p>

    <p class='ocr_par' dir='ltr' id='par_1_18' title="bbox 75 2271 933 2342">
     <span class='ocr_line' id='line_1_19' title="bbox 75 2271 933 2342; baseline -0.001 -17"><span class='ocrx_word' id='word_1_99' title='bbox 75 2271 214 2326; x_wconf 80' lang='lat' dir='ltr'>labrorum</span> <span class='ocrx_word' id='word_1_100' title='bbox 232 2273 327 2341; x_wconf 58' lang='lat' dir='ltr'>tenue</span> <span class='ocrx_word' id='word_1_101' title='bbox 340 2273 448 2326; x_wconf 83' lang='lat' dir='ltr'>interea</span> <span class='ocrx_word' id='word_1_102' title='bbox 465 2274 595 2342; x_wconf 74' lang='lat' dir='ltr'>perpotet</span> <span class='ocrx_word' id='word_1_103' title='bbox 612 2287 736 2325; x_wconf 77' lang='lat' dir='ltr'>annorum</span> <span class='ocrx_word' id='word_1_104' title='bbox 907 2286 933 2324; x_wconf 75' lang='lat' dir='ltr'>re</span> 
     </span>
    </p>

    <p class='ocr_par' dir='ltr' id='par_1_19' title="bbox 76 2347 736 2418">
     <span class='ocr_line' id='line_1_20' title="bbox 76 2347 736 2418; baseline 0 -17"><span class='ocrx_word' id='word_1_105' title='bbox 76 2347 197 2402; x_wconf 78' lang='lat' dir='ltr'>absinthi</span> <span class='ocrx_word' id='word_1_106' title='bbox 214 2348 324 2403; x_wconf 78' lang='lat' dir='ltr'>laticem</span> <span class='ocrx_word' id='word_1_107' title='bbox 343 2349 515 2418; x_wconf 79' lang='lat' dir='ltr'>deceptaque</span> <span class='ocrx_word' id='word_1_108' title='bbox 532 2363 587 2401; x_wconf 92' lang='lat' dir='ltr'>non</span> <span class='ocrx_word' id='word_1_109' title='bbox 605 2347 736 2416; x_wconf 80' lang='lat' dir='ltr'>capiatur,</span> 
     </span>
    </p>

    <p class='ocr_par' dir='ltr' id='par_1_20' title="bbox 77 2422 691 2496">
     <span class='ocr_line' id='line_1_21' title="bbox 77 2422 691 2496; baseline 0 -18"><span class='ocrx_word' id='word_1_110' title='bbox 77 2423 128 2478; x_wconf 89' lang='lat' dir='ltr'>sed</span> <span class='ocrx_word' id='word_1_111' title='bbox 145 2423 238 2494; x_wconf 88' lang='lat' dir='ltr'>potius</span> <span class='ocrx_word' id='word_1_112' title='bbox 255 2425 304 2479; x_wconf 81' lang='lat' dir='ltr'>toli</span> <span class='ocrx_word' id='word_1_113' title='bbox 321 2429 403 2496; x_wconf 80' lang='lat' dir='ltr'>paeto</span> <span class='ocrx_word' id='word_1_114' title='bbox 421 2427 547 2478; x_wconf 80' lang='lat' dir='ltr'>recreate</span> <span class='ocrx_word' id='word_1_115' title='bbox 564 2422 691 2489; x_wconf 81' lang='lat' dir='ltr'>voleseet,</span> 
     </span>
    </p>

    <p class='ocr_par' dir='ltr' id='par_1_21' title="bbox 77 2498 909 2570">
     <span class='ocr_line' id='line_1_22' title="bbox 77 2498 909 2570; baseline 0 -16"><span class='ocrx_word' id='word_1_116' title='bbox 77 2500 116 2554; x_wconf 84' lang='lat' dir='ltr'>sic</span> <span class='ocrx_word' id='word_1_117' title='bbox 133 2517 185 2569; x_wconf 77' lang='lat' dir='ltr'>ego</span> <span class='ocrx_word' id='word_1_118' title='bbox 201 2517 282 2568; x_wconf 88' lang='lat' dir='ltr'>nunc,</span> <span class='ocrx_word' id='word_1_119' title='bbox 299 2501 426 2570; x_wconf 79' lang='lat' dir='ltr'>quoniam</span> <span class='ocrx_word' id='word_1_120' title='bbox 443 2500 511 2554; x_wconf 82' lang='lat' dir='ltr'>haec</span> <span class='ocrx_word' id='word_1_121' title='bbox 529 2499 600 2554; x_wconf 78' lang='lat' dir='ltr'>ratio</span> <span class='ocrx_word' id='word_1_122' title='bbox 617 2499 781 2570; x_wconf 86' lang='lat' dir='ltr'>plerumque</span> <span class='ocrx_word' id='word_1_123' title='bbox 797 2498 909 2554; x_wconf 86' lang='lat' dir='ltr'>videtur</span> 
     </span>
    </p>

    <p class='ocr_par' dir='ltr' id='par_1_22' title="bbox 76 2576 804 2646">
     <span class='ocr_line' id='line_1_23' title="bbox 76 2576 804 2646; baseline 0 -16"><span class='ocrx_word' id='word_1_124' title='bbox 76 2576 185 2630; x_wconf 82' lang='lat' dir='ltr'>tristior</span> <span class='ocrx_word' id='word_1_125' title='bbox 202 2593 262 2632; x_wconf 86' lang='lat' dir='ltr'>esse</span> <span class='ocrx_word' id='word_1_126' title='bbox 279 2577 378 2646; x_wconf 86' lang='lat' dir='ltr'>quibus</span> <span class='ocrx_word' id='word_1_127' title='bbox 394 2593 449 2630; x_wconf 91' lang='lat' dir='ltr'>non</span> <span class='ocrx_word' id='word_1_128' title='bbox 467 2579 511 2630; x_wconf 86' lang='lat' dir='ltr'>est</span> <span class='ocrx_word' id='word_1_129' title='bbox 528 2579 657 2645; x_wconf 52' lang='lat' dir='ltr'>tractato,</span> <span class='ocrx_word' id='word_1_130' title='bbox 673 2579 804 2646; x_wconf 87' lang='lat' dir='ltr'>retroque</span> 
     </span>
    </p>

    <p class='ocr_par' dir='ltr' id='par_1_23' title="bbox 76 2651 932 2722">
     <span class='ocr_line' id='line_1_24' title="bbox 76 2651 932 2722; baseline 0 -16"><span class='ocrx_word' id='word_1_131' title='bbox 76 2653 174 2722; x_wconf 78' lang='lat' dir='ltr'>volgus</span> <span class='ocrx_word' id='word_1_132' title='bbox 192 2653 322 2707; x_wconf 83' lang='lat' dir='ltr'>obhorret</span> <span class='ocrx_word' id='word_1_133' title='bbox 338 2652 374 2707; x_wconf 82' lang='lat' dir='ltr'>ab</span> <span class='ocrx_word' id='word_1_134' title='bbox 391 2652 450 2720; x_wconf 84' lang='lat' dir='ltr'>hee,</span> <span class='ocrx_word' id='word_1_135' title='bbox 468 2651 541 2706; x_wconf 84' lang='lat' dir='ltr'>volui</span> <span class='ocrx_word' id='word_1_136' title='bbox 557 2651 610 2707; x_wconf 85' lang='lat' dir='ltr'>tibi</span> <span class='ocrx_word' id='word_1_137' title='bbox 628 2651 828 2722; x_wconf 81' lang='lat' dir='ltr'>suaviloquenti</span> <span class='ocrx_word' id='word_1_138' title='bbox 906 2666 932 2706; x_wconf 76' lang='lat' dir='ltr'>eo</span> 
     </span>
    </p>

    <p class='ocr_par' dir='ltr' id='par_1_24' title="bbox 76 2729 752 2798">
     <span class='ocr_line' id='line_1_25' title="bbox 76 2729 752 2798; baseline -0.003 -15"><span class='ocrx_word' id='word_1_139' title='bbox 76 2730 197 2784; x_wconf 68' lang='lat' dir='ltr'>mimine</span> <span class='ocrx_word' id='word_1_140' title='bbox 216 2729 306 2785; x_wconf 92' lang='lat' dir='ltr'>Pierio</span> <span class='ocrx_word' id='word_1_141' title='bbox 323 2730 457 2784; x_wconf 80' lang='lat' dir='ltr'>rationem</span> <span class='ocrx_word' id='word_1_142' title='bbox 475 2744 613 2798; x_wconf 81' lang='lat' dir='ltr'>exponere</span> <span class='ocrx_word' id='word_1_143' title='bbox 629 2731 752 2782; x_wconf 83' lang='lat' dir='ltr'>nostram</span> 
     </span>
    </p>

    <p class='ocr_par' dir='ltr' id='par_1_25' title="bbox 77 2804 708 2872">
     <span class='ocr_line' id='line_1_26' title="bbox 77 2804 708 2872; baseline 0.003 -16"><span class='ocrx_word' id='word_1_144' title='bbox 77 2808 108 2857; x_wconf 86' lang='lat' dir='ltr'>et</span> <span class='ocrx_word' id='word_1_145' title='bbox 125 2805 204 2870; x_wconf 80' lang='lat' dir='ltr'>qussi</span> <span class='ocrx_word' id='word_1_146' title='bbox 221 2820 332 2858; x_wconf 85' lang='lat' dir='ltr'>musaeo</span> <span class='ocrx_word' id='word_1_147' title='bbox 350 2805 424 2859; x_wconf 88' lang='lat' dir='ltr'>dulci</span> <span class='ocrx_word' id='word_1_148' title='bbox 441 2805 601 2872; x_wconf 85' lang='lat' dir='ltr'>contingere</span> <span class='ocrx_word' id='word_1_149' title='bbox 619 2804 708 2872; x_wconf 88' lang='lat' dir='ltr'>melle,</span> 
     </span>
    </p>

    <p class='ocr_par' dir='ltr' id='par_1_26' title="bbox 78 2877 700 2935">
     <span class='ocr_line' id='line_1_27' title="bbox 78 2877 700 2935; baseline 0.01 -7"><span class='ocrx_word' id='word_1_150' title='bbox 78 2877 101 2928; x_wconf 87' lang='lat' dir='ltr'>si</span> <span class='ocrx_word' id='word_1_151' title='bbox 118 2878 169 2929; x_wconf 88' lang='lat' dir='ltr'>tibi</span> <span class='ocrx_word' id='word_1_152' title='bbox 186 2879 259 2930; x_wconf 82' lang='lat' dir='ltr'>forte</span> <span class='ocrx_word' id='word_1_153' title='bbox 276 2880 396 2933; x_wconf 81' lang='lat' dir='ltr'>animum</span> <span class='ocrx_word' id='word_1_154' title='bbox 413 2881 462 2935; x_wconf 83' lang='lat' dir='ltr'>tali</span> <span class='ocrx_word' id='word_1_155' title='bbox 479 2879 586 2934; x_wconf 80' lang='lat' dir='ltr'>ratione</span> <span class='ocrx_word' id='word_1_156' title='bbox 603 2883 700 2934; x_wconf 83' lang='lat' dir='ltr'>tenere</span> 
     </span>
    </p>

    <p class='ocr_par' dir='ltr' id='par_1_27' title="bbox 77 2950 845 3025">
     <span class='ocr_line' id='line_1_28' title="bbox 77 2950 845 3025; baseline 0.014 -26"><span class='ocrx_word' id='word_1_157' title='bbox 77 2950 202 3002; x_wconf 82' lang='lat' dir='ltr'>versibus</span> <span class='ocrx_word' id='word_1_158' title='bbox 218 2952 247 3001; x_wconf 92' lang='lat' dir='ltr'>in</span> <span class='ocrx_word' id='word_1_159' title='bbox 264 2955 365 3006; x_wconf 82' lang='lat' dir='ltr'>nostris</span> <span class='ocrx_word' id='word_1_160' title='bbox 382 2971 499 3024; x_wconf 84' lang='lat' dir='ltr'>possem,</span> <span class='ocrx_word' id='word_1_161' title='bbox 517 2954 583 3008; x_wconf 88' lang='lat' dir='ltr'>dum</span> <span class='ocrx_word' id='word_1_162' title='bbox 601 2956 721 3025; x_wconf 87' lang='lat' dir='ltr'>percipis</span> <span class='ocrx_word' id='word_1_163' title='bbox 738 2972 845 3010; x_wconf 88' lang='lat' dir='ltr'>omnem</span> 
     </span>
    </p>

    <p class='ocr_par' dir='ltr' id='par_1_28' title="bbox 77 3026 932 3174">
     <span class='ocr_line' id='line_1_29' title="bbox 77 3026 932 3101; baseline 0.015 -29"><span class='ocrx_word' id='word_1_164' title='bbox 77 3026 203 3074; x_wconf 81' lang='lat' dir='ltr'>naturam</span> <span class='ocrx_word' id='word_1_165' title='bbox 220 3039 312 3076; x_wconf 73' lang='lat' dir='ltr'>rernm</span> <span class='ocrx_word' id='word_1_166' title='bbox 330 3042 362 3080; x_wconf 84' lang='lat' dir='ltr'>ae</span> <span class='ocrx_word' id='word_1_167' title='bbox 379 3029 516 3096; x_wconf 82' lang='lat' dir='ltr'>persentis</span> <span class='ocrx_word' id='word_1_168' title='bbox 533 3030 701 3101; x_wconf 77' lang='lat' dir='ltr'>utilitatem]</span> <span class='ocrx_word' id='word_1_169' title='bbox 907 3047 932 3085; x_wconf 81' lang='lat'>25</span> 
     </span>
     <span class='ocr_line' id='line_1_30' title="bbox 116 3096 847 3174; baseline 0.025 -31"><span class='ocrx_word' id='word_1_170' title='bbox 116 3096 210 3159; x_wconf 78' lang='lat' dir='ltr'>Atque</span> <span class='ocrx_word' id='word_1_171' title='bbox 227 3097 310 3147; x_wconf 79' lang='lat' dir='ltr'>animi</span> <span class='ocrx_word' id='word_1_172' title='bbox 327 3103 453 3165; x_wconf 83' lang='lat' dir='ltr'>quoniam</span> <span class='ocrx_word' id='word_1_173' title='bbox 473 3104 553 3157; x_wconf 88' lang='lat' dir='ltr'>docui</span> <span class='ocrx_word' id='word_1_174' title='bbox 569 3109 669 3158; x_wconf 79' lang='lat' dir='ltr'>natura</span> <span class='ocrx_word' id='word_1_175' title='bbox 686 3106 753 3174; x_wconf 80' lang='lat' dir='ltr'>quid</span> <span class='ocrx_word' id='word_1_176' title='bbox 772 3110 847 3161; x_wconf 84' lang='lat' dir='ltr'>esset</span> 
     </span>
    </p>

    <p class='ocr_par' dir='ltr' id='par_1_29' title="bbox 77 3165 819 3250">
     <span class='ocr_line' id='line_1_31' title="bbox 77 3165 819 3250; baseline 0.03 -36"><span class='ocrx_word' id='word_1_177' title='bbox 77 3169 108 3216; x_wconf 90' lang='lat' dir='ltr'>et</span> <span class='ocrx_word' id='word_1_178' title='bbox 125 3165 223 3232; x_wconf 86' lang='lat' dir='ltr'>quibus</span> <span class='ocrx_word' id='word_1_179' title='bbox 240 3183 256 3217; x_wconf 90' lang='lat' dir='ltr'>e</span> <span class='ocrx_word' id='word_1_180' title='bbox 273 3168 356 3222; x_wconf 83' lang='lat' dir='ltr'>rebus</span> <span class='ocrx_word' id='word_1_181' title='bbox 373 3189 434 3227; x_wconf 87' lang='lat' dir='ltr'>eum</span> <span class='ocrx_word' id='word_1_182' title='bbox 453 3192 566 3244; x_wconf 87' lang='lat' dir='ltr'>corpore</span> <span class='ocrx_word' id='word_1_183' title='bbox 584 3186 695 3248; x_wconf 81' lang='lat' dir='ltr'>eonrptn</span> <span class='ocrx_word' id='word_1_184' title='bbox 712 3181 819 3250; x_wconf 78' lang='lat' dir='ltr'>vigeret</span> 
     </span>
    </p>
   </div>
   <div class='ocr_carea' id='block_1_5' title="bbox 0 0 1100 3398">
    <p class='ocr_par' dir='ltr' id='par_1_30' title="bbox 0 0 1100 3398">
     <span class='ocr_line' id='line_1_32' title="bbox 0 0 1100 3398; baseline 0 0"><span class='ocrx_word' id='word_1_185' title='bbox 0 0 1100 3398; x_wconf 95' lang='lat' dir='ltr'> </span> 
     </span>
    </p>
   </div>
  </div>
 </body>
</html>
