2176 3404
557 90 589 148 V
746 116 754 131 =
944 96 997 152 141

145 192 349 264 quadripedum
365 194 498 257 membris
515 198 545 250 et
561 212 676 266 corpore
693 199 927 270 pennipotentum,

143 271 186 325 sie
203 287 275 325 nera
291 274 351 324 tum
368 271 451 324 tellus
469 272 569 326 herbas
584 274 757 343 virgultaque
774 278 892 345 primum
964 293 1002 334 ree

145 348 266 416 sustulit,
285 346 349 401 inde
367 347 419 401 leci
437 350 563 403 mortalia
581 350 670 404 saecla
688 353 791 407 creavit

143 424 233 478 multa
250 424 339 478 medis
356 425 451 478 multis
469 427 544 478 varia
562 427 668 481 ratione
686 433 788 484 coorta.
884 468 892 480 ,

144 518 209 555 nam
226 517 317 570 neque
335 501 371 556 de
388 502 463 555 eaelo
481 503 612 557 cecidisse
630 503 757 559 animalia
773 512 888 575 pessunt

143 595 196 633 nec
212 577 358 633 terrestria
375 578 411 631 de
428 578 506 632 salsis
523 580 613 633 exisse
631 579 741 635 lacunis.

142 655 280 725 linquitur
296 657 329 708 ut
346 654 446 708 merite
463 658 616 709 maternum
634 673 732 711 nemen
750 659 852 727 adepta

143 735 221 786 terra
239 732 282 800 sit,
301 734 410 785 eterra
428 732 556 800 queniam
575 736 640 787 sunt
658 738 756 788 cuneta
774 741 871 790 creata.

143 809 287 878 multaque
304 823 375 861 nune
392 807 475 861 etiarn
493 808 617 863 existunt
634 809 761 864 animalia
778 813 861 865 terris

143 884 279 938 imbribus
297 887 327 937 et
344 883 432 937 aalide
450 885 514 938 selis
532 890 660 939 concreta
677 902 791 955 rapere3

143 978 198 1030 que
216 960 306 1014 minua
324 963 368 1013 est
385 960 484 1014 mirum
503 961 526 1014 si
544 965 605 1015 tum
623 966 687 1016 sunt
704 963 783 1031 plura
801 968 895 1019 eeerta

143 1041 174 1091 et
191 1039 302 1104 maiora,
320 1053 390 1090 nava
406 1037 507 1091 tellure
524 1041 609 1107 atque
625 1039 738 1093 aethere
756 1040 858 1095 adulta
960 1056 999 1096 see

142 1114 277 1183 principie
293 1130 381 1182 genus
398 1113 513 1167 alituum
531 1115 677 1184 variaeque
694 1115 817 1170 volueres

143 1207 195 1245 eva
212 1189 405 1259 relinquebant
423 1190 550 1245 exclusae
567 1193 693 1260 tempere
711 1208 802 1260 verne,

142 1265 276 1320 folliculos
293 1269 325 1319 ut
342 1282 414 1320 nunc
433 1267 530 1321 teretis
547 1270 652 1321 aestate
671 1268 779 1323 cicadae

143 1341 250 1395 lincunt
267 1345 365 1411 sponte
383 1359 432 1396 sua
449 1343 551 1397 victum
568 1345 706 1412 uitamque
724 1349 858 1414 petentes

144 1420 204 1471 turn
221 1418 273 1472 tibi
292 1422 368 1472 terra
385 1418 464 1472 dedit
481 1419 598 1484 primum
617 1421 743 1474 mortalia
760 1424 853 1477 saecla.
960 1441 998 1479 aet

143 1494 248 1547 multus
265 1495 338 1548 eninr
355 1495 430 1548 esler
447 1498 531 1563 atque
549 1512 627 1549 umor
645 1498 793 1565 superabit
810 1500 837 1552 in
856 1501 935 1555 arvis.

143 1569 195 1624 hec
212 1570 260 1623 ubi
279 1587 405 1640 quaeque
422 1571 474 1625 leci
491 1568 568 1639 regie
586 1577 738 1641 opportuna
757 1574 883 1643 (labatur,

143 1646 305 1700 crescebant
322 1648 395 1701 uteri
413 1649 515 1702 terram
533 1648 671 1702 radicibus
690 1650 762 1718 apti;

142 1739 212 1791 ques
230 1723 277 1776 ubi
295 1726 420 1792 tempere
437 1728 544 1778 mature
562 1726 730 1795 patefecerat
748 1730 840 1780 aestus

142 1799 278 1853 infantum
295 1800 404 1867 fugiens
421 1818 543 1854 umorem
562 1819 695 1871 aurasque
713 1807 862 1871 petessens,
959 1821 996 1860 em

142 1875 321 1930 convertebat
338 1876 376 1930 ibi
394 1880 493 1930 natura
511 1878 641 1931 feramina
659 1883 749 1932 terrae

142 1955 173 2005 et
190 1968 285 2005 sucum
302 1954 378 2007 venis
393 1953 510 2020 cogebat
527 1954 643 2007 fundere
661 1956 763 2022 apertis

141 2027 310 2082 consimilem
328 2028 414 2094 lutetia,
433 2030 504 2083 sicut
520 2047 591 2085 nunc
609 2031 710 2084 femina
727 2048 852 2100 quaeque

141 2120 204 2157 cnm
221 2104 337 2172 peperit,
354 2104 428 2159 dulci
445 2106 568 2175 repletur
585 2106 665 2175 lacte,
676 2107 750 2175 qued
767 2108 855 2161 omnis

140 2180 261 2247 impetus
279 2180 307 2233 in
324 2196 456 2235 mammas
473 2182 643 2236 convertitur
660 2183 706 2237 ille
724 2183 851 2237 alimenti.
956 2200 994 2239 815

141 2259 217 2310 terra
234 2256 324 2310 cibum
342 2257 442 2326 pueris,
459 2262 563 2313 vestem
581 2276 673 2329 vapor,
690 2259 776 2313 herba
793 2259 882 2314 cubile

141 2332 295 2401 praebebat
311 2334 398 2387 multa
415 2338 445 2388 et
462 2335 537 2389 melli
553 2337 680 2403 lanugine
698 2335 844 2390 abundans

140 2410 171 2460 at
188 2407 295 2461 novitas
312 2408 406 2462 mundi
423 2426 473 2464 nec
490 2410 592 2479 frigora
609 2412 679 2464 dura
695 2411 786 2465 ciebat

141 2499 192 2537 nee
209 2483 307 2537 nimios
325 2488 417 2539 aestus
434 2502 485 2540 nec
503 2488 609 2555 magnis
626 2488 729 2541 viribus
746 2504 834 2548 auras.

141 2560 233 2613 emnia
250 2561 323 2614 euim
340 2562 443 2630 pariter
461 2567 586 2617 creseunt
604 2566 633 2617 et
650 2563 750 2617 rebera
767 2568 884 2618 sunmat
954 2580 992 2619 me

177 2637 270 2702 Quare
287 2637 370 2691 etiam
388 2642 472 2707 atque
490 2640 574 2693 etiarn
591 2643 745 2694 maternum
762 2656 860 2694 nemen
878 2640 980 2709 adepta

140 2715 218 2767 terra
234 2716 312 2769 tenet
329 2716 435 2784 merite,
453 2718 579 2785 queniam
596 2733 684 2785 gentle
700 2717 759 2785 ipsa
777 2718 880 2771 creavit

140 2788 289 2844 humanum
307 2795 391 2862 atque
409 2793 507 2847 animal
525 2811 610 2863 prepe
629 2798 704 2847 certe
721 2793 937 2863 tempere,f11dit

140 2883 221 2921 omne
239 2868 313 2936 (praed
330 2868 358 2921 in
375 2871 480 2937 magnis
498 2870 645 2924 bacchatur
662 2869 793 2923 mentibu'
812 2870 920 2939 passim,

140 2943 282 3012 aeriasque
299 2944 378 2998 simul
396 2946 519 2999 volucres
536 2945 695 2999 variantibu’
714 2945 814 2999 formis.
952 2960 991 2999 sau

141 3020 191 3073 sed
209 3020 273 3087 quia
289 3020 363 3073 tinen
406 3022 509 3088 liquam
526 3021 649 3088 pariendi
668 3018 752 3071 debet
769 3019 878 3084 habere,

141 3095 259 3162 destitit,
276 3098 309 3147 nt
326 3112 354 3147 m
384 3095 424 3148 ier
442 3096 529 3161 spatie
547 3094 655 3146 defessa
672 3095 788 3144 vetuste.

141 3173 233 3225 mutat
250 3169 323 3222 enim
340 3169 434 3221 mundi
451 3171 577 3220 naturam
594 3165 680 3219 tetius
697 3166 773 3216 aetas
