2176 3404
537 92 611 152 IIII
936 97 992 155 111

142 199 284 252 ettamen
301 194 449 264 implicitus
467 210 575 262 quoque
592 195 680 264 possis
696 196 779 264 inque
796 197 909 265 peditus

142 273 265 341 affugere
281 271 419 333 infestum,
438 270 491 322 nisi
508 273 570 323 tute
587 271 640 324 tihi
657 270 752 325 obvius
769 272 862 326 obstes
948 288 996 327 1166

142 353 174 403 61
191 348 398 418 praetermittas
415 346 498 399 animi
516 346 583 400 vitia
600 347 692 401 omnia
708 348 828 416 primum

142 430 192 479 aut
210 441 281 494 quae
298 423 412 492 corpori’
433 427 497 476 6661
515 424 580 490 cius,
598 424 705 492 siquam
722 425 796 494 petis
813 441 845 478 ac
862 425 910 479 116.

142 518 208 554 narn
225 501 328 555 iaciunt
345 499 469 552 homines
486 499 646 568 plerumque
664 500 792 569 cupidine
809 502 883 555 caeci

143 582 174 632 et
192 576 318 631 tribuunt
335 594 368 631 ca
385 593 455 644 quac
472 593 526 629 non
545 583 610 630 sunt
627 577 669 630 his
687 577 829 631 commoda
845 593 918 632 1616.

143 654 314 707 multimodis
330 653 415 721 igitur
432 670 531 722 pravas
549 653 691 722 turpisque
709 653 833 709 videmus
947 667 995 706 1166

143 748 205 784 csse
222 731 251 784 in
271 730 375 783 deliciis
393 746 552 798 summoque
571 731 599 782 in
616 728 721 783 honoro
738 730 837 798 rigere.

142 811 227 876 atque
244 807 311 861 alios
329 806 375 859 alii
392 806 514 859 inrident
532 805 725 874 Veneremque
742 806 862 861 suadent
881 816 889 829 '

142 887 176 937 nt
193 876 309 952 placent,
327 884 454 952 quoniam
471 882 553 937 foedo
572 883 747 937 adflictentur
765 900 865 949 amore,

143 977 194 1014 nec
212 977 262 1013 sna
280 960 430 1029 respiciunt
448 959 540 1012 miseri
559 960 631 1013 mala
648 960 767 1013 maxima
784 976 873 1029 saepe.

135 1036 224 1105 ‚nigra
241 1036 387 1090 melichrus
406 1040 455 1104 661,
474 1035 604 1090 inmunda
623 1039 653 1090 et
670 1036 756 1090 fetida
772 1052 902 1104 acosmos,
949 1051 997 1089 1166

78 1132 81 1137 ’
143 1113 236 1167 caesia
253 1113 413 1180 Palladium,
432 1130 545 1166 nervosa
564 1118 593 1166 61
610 1113 700 1180 lignea
719 1111 823 1181 dorcas,

143 1189 265 1259 paruula,
282 1189 402 1258 pumilio,
421 1188 545 1243 chariton
563 1189 625 1257 mia,
643 1192 703 1243 tota
720 1206 826 1243 merum
845 1189 893 1256 sal,

144 1282 244 1334 magna
261 1269 343 1335 atque
361 1266 476 1318 inmanis
494 1266 643 1335 cataplexis
661 1267 797 1334 plenaque
813 1265 930 1319 honoris.

142 1342 226 1396 balba
242 1342 315 1411 loqui
333 1358 386 1395 non
404 1342 473 1410 quit,
491 1342 604 1407 tranlizi,
622 1347 698 1395 muta
716 1342 822 1411 pudens
840 1344 898 1406 661;

142 1423 173 1473 61
189 1419 308 1486 flagrans
327 1418 421 1472 odiosa
438 1418 581 1487 loquacula
600 1418 781 1488 Lampadium
798 1418 837 1473 111.
948 1431 997 1471 nus

141 1495 256 1549 ischnon
275 1496 431 1550 eromenion
448 1498 507 1548 tum
526 1495 565 1563 tit,
584 1511 645 1549 cum
664 1496 754 1548 vivere
771 1511 825 1548 non
843 1494 904 1563 quit

142 1588 210 1641 prae
227 1571 329 1636 macie;
346 1571 461 1625 rhadine
478 1575 571 1625 161661
588 1572 643 1625 iam
662 1575 771 1625 mortua
788 1571 864 1624 tussi.

142 1651 172 1702 at
190 1648 297 1701 tumida
314 1652 343 1701 et
361 1665 509 1702 mammosa
528 1649 611 1702 Ceres
630 1652 673 1703 661
690 1648 749 1718 ipsa
766 1646 801 1700 ab
819 1647 926 1715 Iaccho,

141 1723 240 1777 simula
259 1724 350 1778 Silena
366 1741 399 1779 ac
416 1728 545 1793 saturant,
563 1724 675 1779 labeosa
691 1724 818 1793 philema.

138 1804 235 1857 cetera
247 1800 282 1853 de
294 1818 395 1868 genere
407 1801 459 1855 1166
471 1801 582 1869 longum
596 1806 638 1855 est
651 1802 674 1854 61
687 1800 778 1854 dicere
791 1817 880 1855 coner.
949 1814 997 1854 1116

141 1876 191 1930 sed
209 1880 301 1930 tamen
320 1881 379 1931 6616
397 1878 451 1930 iam
469 1880 611 1944 quantovis
630 1878 684 1931 oris
702 1877 812 1944 honore,

141 1953 186 2006 661
204 1952 321 2006 Veneris
339 1953 468 2007 memhris
486 1954 527 2008 116
545 1954 668 2008 omnibus
686 1955 837 2008 exoriatur:

140 2045 241 2098 nempe
253 2029 323 2082 aliae
333 2047 441 2098 quoque
454 2034 532 2097 sunt;
544 2047 643 2100 nempe
655 2029 706 2084 hac
719 2029 776 2087 sine
788 2029 905 2085 viximus
917 2030 997 2091 ante3

140 2121 242 2174 nempe
259 2105 356 2160 cadem
374 2105 447 2175 facit,
466 2110 496 2161 et
513 2109 613 2161 66111166
630 2108 730 2173 facere*
745 2105 836 2159 omnia
852 2104 934 2173 turpi,

140 2186 172 2243 et
189 2182 317 2234 miseram
335 2183 432 2236 taetris
450 2200 480 2237 66
497 2184 571 2238 suffit
589 2183 718 2237 odoribus
736 2182 796 2253 ipsa
951 2194 998 2233 1116
1045 2191 1048 2196 ’

140 2274 223 2326 quam
241 2257 358 2311 famulae
375 2258 456 2327 longe
473 2259 594 2327 fugitant
608 2260 762 2327 'furtimque
779 2257 945 2312 cachinnant.

140 2338 171 2386 at
188 2333 332 2387 lacrimans
350 2335 475 2390 exclusus
493 2341 598 2390 amator
616 2337 709 2389 limina
726 2351 807 2403 saepe

140 2409 254 2462 floribus
271 2415 301 2464 61
318 2412 400 2465 661116
417 2413 507 2482 operit
524 2413 665 2482 postisque
683 2411 816 2480 superbos

139 2485 240 2553 unguit
257 2487 410 2541 amaracino
428 2492 457 2543 et
475 2489 578 2542 foribus
595 2489 678 2543 611661
696 2487 787 2542 oscula
804 2486 879 2553 figit;

141 2578 225 2629 quem
238 2561 268 2629 si,
280 2562 335 2616 iam
346 2565 515 2633 ammissum,
528 2566 682 2621 venientem
694 2563 839 2617 offenderit
850 2578 917 2614 aura
953 2575 1000 2612 1166

139 2654 196 2690 una
212 2637 301 2706 modo,
319 2656 414 2693 666666
432 2641 549 2695 abeundi
568 2645 683 2711 quaerat
700 2641 835 2701 honestas,

140 2717 170 2766 ct
187 2712 322 2769 meditata
339 2715 387 2769 diu
404 2717 485 2773 cadat
502 2718 558 2772 alte
577 2721 686 2787 sumpta
703 2715 830 2785 querella,

138 2789 327 2860 strdtitiaeque
344 2793 381 2846 ibi
399 2809 429 2848 66
446 2794 565 2861 damnet,
584 2793 712 2849 tribuisse
730 2790 804 2860 quod
821 2790 860 2844 illi

138 2864 202 2935 plus
220 2865 313 2921 videat
331 2886 413 2937 quam
431 2870 538 2924 mortali
557 2869 706 2924 concedere
722 2883 773 2936 par
790 2870 841 2921 cst.

139 2958 191 2995 nec
210 2941 333 2999 Veneres
350 2951 459 3002 nostras
476 2946 527 3001 hoc
545 2945 631 3011 sallit3
648 2961 702 3014 quo
719 2943 807 3012 magis
824 2943 900 3012 ipsae
952 2957 1014 2995 1166

139 3017 231 3071 omnia
248 3037 353 3076 summo
371 3040 454 3092 opere
471 3023 521 3076 1166
537 3022 611 3074 vitae
628 3022 772 3088 poscaenia
789 3021 879 3072 celant

140 3109 209 3162 quos
226 3097 346 3152 retinere
364 3098 459 3152 volunt
477 3096 678 3161 adstrictosque
696 3095 801 3146 666616
818 3109 918 3159 amore,

139 3169 314 3239 nequiquam,
332 3173 458 3241 quoniam
476 3175 507 3223 tn
525 3169 614 3220 6611116
631 3171 723 3219 tamen
741 3167 831 3218 onmia
847 3167 935 3234 possis
