2176 3404
526 128 575 184 VI
917 130 972 186 161

120 250 172 288 nec
189 233 318 288 cohibere
334 232 412 287 ni'ves
428 231 534 300 gelidas
551 235 581 285 et
598 230 739 298 grandinis
756 231 858 286 imbris.
935 240 938 247 ’

120 309 191 363 dant
209 309 294 363 etiam
311 310 431 363 sonitum
448 308 536 377 patuli
553 324 637 376 super
654 323 774 376 aequora
790 308 893 377 mundi,

119 385 250 439 carbasus
267 389 299 439 ut
316 384 455 454 quondam
472 384 578 452 magnis
594 383 703 437 intenta
719 384 838 438 theatris
989 444 992 451 Δ

120 461 171 515 dat
188 462 325 532 crepitum
342 459 427 515 malos
444 461 518 514 inter
534 460 637 514 iactata
654 459 809 529 trabesque,
938 474 976 515 110

118 536 261 592 interdum
278 538 414 608 perscissa
430 536 498 590 furit
516 534 704 605 petulantibus
721 536 795 589 auris

119 617 151 668 et
167 614 271 682 fragilis
289 615 400 668 sonitus
416 612 574 667 chartarum
591 611 810 666 commeditatur.

118 690 150 744 id
166 707 274 759 quoque
291 690 363 744 enim
373 705 469 758 genus
486 689 515 742 iu
532 688 637 742 tonitru
654 704 817 755 cognoscere
834 689 932 759 possis,

118 770 168 820 aut
184 766 232 820 ubi
250 782 410 837 suspensam
427 769 531 821 vestem
549 764 693 818 chartasve
710 763 828 818 volantis

118 842 278 897 verberibus
295 843 370 897 renti
387 846 500 897 versant
516 841 705 910 planguntque
723 857 774 910 per
790 857 878 896 auras.
938 856 975 897 ns

118 919 152 972 fit
163 936 270 988 quoque
282 916 355 973 enim
366 918 507 973 interdum
519 924 552 971 ut
564 933 618 970 non
629 920 688 970 tam
700 932 863 974 concurrere
874 916 962 974 nubes

116 994 254 1049 frontibus
270 995 394 1049 advorsis
412 993 518 1064 possint
535 1009 617 1062 quam
635 992 671 1046 de
688 992 777 1048 latere
795 993 836 1049 irc

117 1071 225 1126 diverso
242 1075 321 1126 motu
337 1070 468 1125 radentes
485 1085 601 1139 corpora
618 1068 737 1136 tractim,

116 1147 211 1202 aridus
229 1147 303 1202 unde
321 1147 395 1201 amis
413 1149 506 1214 terget
524 1161 607 1199 sonus
623 1145 670 1199 ille
687 1144 790 1214 diuque

117 1223 235 1292 duntur,
253 1224 380 1278 exierunt
397 1222 484 1276 donec
502 1220 660 1289 regionibus
677 1221 752 1275 artis.
939 1241 974 1278 ra

152 1300 214 1354 Hoc
231 1300 315 1354 etiam
332 1302 414 1370 pacto
431 1299 537 1353 tonitru
557 1313 688 1352 concussa
705 1296 836 1352 videntur

115 1377 207 1433 omnia
225 1393 307 1446 saepe
323 1376 401 1445 gravi
418 1378 540 1430 tremere
557 1377 587 1429 et
604 1373 710 1428 divolsa
727 1378 842 1444 repente

115 1453 235 1507 maxima
252 1452 402 1507 dissiluisse
420 1451 528 1521 capacis
546 1450 653 1515 moenia
669 1449 773 1519 mundi,

115 1545 177 1583 cum
196 1529 289 1584 subito
306 1529 389 1582 validi
406 1529 483 1582 venti
501 1526 624 1582 conlecta
641 1526 761 1596 procella

115 1606 234 1660 nubibus
251 1605 363 1659 intorsit
380 1621 440 1659 sese
458 1602 638 1671 conclusaque
655 1602 758 1657 ibidem
935 1618 972 1658 rso

116 1682 230 1736 turbine
247 1681 369 1736 versanti
386 1682 473 1749 magis
490 1696 522 1734 ac
539 1679 627 1747 magis
643 1678 765 1748 undique
782 1678 882 1735 nubem

116 1758 249 1827 cogitati
267 1758 317 1812 fiat
335 1758 422 1827 spisso
440 1773 507 1811 cava
524 1771 638 1824 corpore
655 1755 765 1824 circum,

115 1840 179 1904 post
195 1835 244 1888 ubi
261 1835 410 1888 conminuit
428 1834 470 1887 ris
487 1833 546 1886 eius
563 1837 593 1887 et
609 1832 729 1901 impetus
745 1848 816 1901 acer,

73 1956 76 1959 .
115 1914 176 1965 tum
194 1910 397 1981 perterricrepo
415 1909 507 1963 sonitu
524 1909 575 1963 dat
591 1909 677 1964 scissa
692 1907 837 1977 fragorem.

115 2003 165 2042 nec
183 1987 291 2055 mirum,
311 2004 375 2042 cum
391 1986 475 2057 plena
492 1985 599 2040 animae
616 1984 754 2040 vensicula
770 2002 856 2054 parva
934 2000 971 2039 sao

114 2079 199 2133 saepe
217 2061 267 2117 det
283 2062 352 2117 haut
368 2079 483 2133 parvum
501 2061 621 2116 sonitum
638 2060 758 2130 displosa
775 2064 896 2130 repente.

149 2140 203 2193 Ilst
219 2139 303 2193 etiam
321 2140 400 2208 ratio,
417 2156 480 2193 cum
496 2138 573 2193 venti
589 2136 683 2191 nubila
699 2136 824 2206 perflant,

113 2219 147 2269 ut
164 2215 271 2269 sonitus
288 2215 396 2271 faciam.
416 2215 518 2270 etenim
537 2229 645 2268 ramosa
661 2212 786 2267 videmus

112 2291 208 2345 nubila
225 2308 308 2361 saepe
325 2291 414 2346 modis
431 2290 527 2345 multis
544 2293 628 2357 atque
644 2305 743 2359 aspera
759 2287 842 2352 ferri3

113 2368 219 2422 scilicet
235 2371 275 2435 ut,
293 2368 418 2423 crebram
436 2368 531 2421 silvam
548 2383 610 2421 cum
627 2365 738 2419 flamina
754 2364 830 2419 cauri
932 2378 969 2419 1³5

112 2443 241 2513 perfiant,
257 2444 327 2498 dant
344 2445 462 2499 sonitum
479 2442 591 2497 frondes
608 2441 731 2510 ramique
747 2441 891 2510 fragorem,

112 2520 147 2574 fit
164 2536 272 2590 quoque
289 2523 322 2575 ut
339 2520 479 2576 interdum
496 2518 579 2574 validi
597 2518 639 2571 vis
656 2517 741 2571 incita
757 2517 833 2571 venti

112 2594 274 2666 perscindat
291 2595 392 2651 nubem
410 2596 582 2665 perfringens
600 2594 705 2663 impete
722 2596 806 2648 recto.

112 2689 177 2725 nam
194 2672 261 2740 quid
277 2672 365 2745 possit
382 2672 421 2727 ibi
439 2672 521 2727 flatus
538 2671 682 2735 manifesta
699 2669 781 2723 docet
798 2684 851 2737 res,

111 2748 163 2814 nic„
181 2747 228 2801 ubi
246 2748 333 2803 lenior
350 2752 401 2817 est,
419 2749 448 2802 in
466 2752 543 2804 terra
559 2764 621 2803 cum
637 2749 731 2801 tamen
748 2745 805 2799 alta
931 2758 968 2798 no

47 2859 51 2866 -
112 2824 225 2879 arbusta
242 2824 369 2879 evolvens
386 2825 525 2881 radicibus
542 2824 635 2878 haurit
652 2821 688 2876 ab
706 2821 776 2876 imis.

112 2905 178 2955 arnt
195 2900 278 2955 etiam
295 2901 395 2956 fluctus
412 2919 464 2972 per
479 2900 580 2968 nubila,
598 2899 646 2969 qui
663 2897 740 2966 quasi
756 2912 881 2951 murmur

112 2976 181 3030 dant
198 2976 226 3029 in
243 2977 396 3046 frangendo
413 2979 549 3046 grentam
565 2975 640 3045 quod
656 2975 723 3029 item
741 2973 774 3029 fit
791 2973 820 3027 in
837 2971 901 3028 altis

112 3052 269 3106 fluminibus
285 3069 440 3120 magnoque
458 3053 534 3117 mari,
552 3068 615 3104 cum
633 3049 769 3116 frangitur
786 3050 887 3101 aestua

111 3128 146 3183 fit
161 3145 277 3197 qnoque,
288 3128 364 3182 ubic
380 3128 447 3181 nubi
463 3127 492 3178 in
509 3125 610 3178 nubem
627 3124 668 3177 vis
685 3123 782 3177 incidit
800 3121 900 3175 ardens
930 3136 966 3173 145

110 3204 241 3268 fulminis,
260 3203 327 3256 haec
344 3203 430 3256 multo
448 3200 471 3253 si
488 3199 561 3252 forte
576 3214 672 3252 umore
688 3198 793 3265 recepit

111 3278 138 3322 ¹⁰
1016 3292 1079 3370 A
