2138 3404
523 86 540 142 l

101 192 233 248 materies
249 196 282 246 ut
299 191 459 260 subpeditet
476 189 560 245 rebus
576 190 746 260 reparandis.

100 272 168 324 sunt
185 269 270 338 igitur
287 268 376 322 solida
393 267 543 336 primordia
561 266 737 335 simplicitate

101 362 155 401 nec
172 348 277 400 ratione
295 350 401 412 queunt
418 343 472 397 alia
489 347 599 398 servata
615 359 780 412 peracvcm

101 440 139 478 cx
155 423 261 476 infinito
279 422 333 475 ianr
352 424 476 489 tempere
494 437 538 474 res
556 436 691 489 reparare.
704 453 748 487 f
923 433 960 473 mc

142 499 265 567 llcniquc
283 499 306 551 si
325 497 426 551 nullam
445 497 527 550 linem
544 502 643 551 natura
661 498 787 564 parasset

101 574 262 642 frangendis
282 573 372 638 rebus,
390 574 444 626 ianr
462 589 576 641 corpora
593 573 718 628 materiai

103 666 193 718 usque
211 650 322 704 redacta
340 649 430 703 forent
447 665 515 703 aere
533 649 676 717 frangente
693 649 792 718 priore,

103 730 138 780 ut
155 727 193 780 nil
211 744 245 780 ci
264 727 317 780 illis
334 743 350 779 a
368 729 444 780 certe
463 732 587 794 ternpore
605 729 698 794 pcssct

103 809 266 871 conceptum
285 818 418 856 sunnnum
437 801 538 857 ructatis
555 802 705 870 pervadere
722 803 763 856 dd
777 808 902 857 auctum.
922 817 958 856 eas

104 895 169 932 rrum
187 878 295 947 quidvis
312 878 392 932 citius
410 877 521 931 dissolvi
539 894 619 947 pesse
637 877 760 932 ridemus

106 970 189 1023 quarn
208 971 301 1008 rursus
319 954 408 1018 refici3
433 957 600 1022 quapropter
619 954 699 1022 longa
716 954 772 1009 diei

105 1030 215 1084 infinita
232 1035 309 1084 aetas
326 1030 444 1084 anteacti
455 1030 594 1098 temporis
612 1031 699 1084 omnis

106 1106 183 1175 «laed
200 1106 332 1175 fregisset
344 1105 434 1159 adbuc
453 1105 617 1163 disturbans¹
628 1107 843 1177 dissoluensquc,

106 1178 255 1251 numquam
274 1183 375 1237 relicuo
393 1183 514 1251 reparari
532 1186 657 1251 tempere
673 1187 775 1251 posset.
923 1196 960 1237 tra

107 1263 139 1313 at
157 1275 227 1312 nnnc
243 1258 371 1312 nimirum
389 1258 534 1326 frangendi
553 1259 664 1313 reddita
681 1259 744 1312 finis

107 1340 185 1390 certa
202 1339 301 1398 rnanet
320 1335 446 1402 quoniam
465 1334 616 1389 reticii-cm
635 1351 772 1404 quamque
790 1333 916 1389 videmus

107 1417 140 1465 ct
157 1411 234 1465 finita
251 1411 330 1464 simul
347 1411 498 1478 generatim
517 1414 642 1479 tempora
660 1410 741 1465 rebus

107 1495 190 1550 stare,
208 1487 306 1555 quibus
324 1487 429 1555 possint
446 1487 506 1541 aevi
524 1487 682 1554 contingere
700 1485 802 1542 flerem.

107 1563 164 1617 lruc
181 1563 286 1616 accedit
304 1562 354 1630 uti,
372 1563 534 1636 solidissima
552 1562 677 1617 materici
923 1578 960 1619 tte

107 1654 223 1707 corpora
240 1655 301 1692 cuni
320 1643 452 1704 constant
471 1639 558 1708 possit
575 1641 792 1709 tarnenunuria,
809 1639 898 1710 reddi,

107 1715 201 1768 mollia
218 1731 288 1783 quae
306 1716 383 1782 fiunt,
402 1732 450 1769 acr
468 1733 538 1784 aqua
556 1719 631 1770 tcrra
648 1733 769 1785 vapores,

108 1807 165 1860 quc
183 1797 262 1859 pacto
280 1791 348 1846 fiant
366 1796 395 1845 et
412 1809 467 1861 qua
486 1792 510 1843 vi
529 1809 654 1860 quaeque
670 1797 809 1861 gcrnntnr,

108 1868 261 1921 arlmixtum
280 1869 406 1936 quoniam
425 1868 508 1923 semel
527 1868 614 1923 estin
633 1869 714 1922 rebus
732 1870 818 1924 inane.

108 1948 252 1998 utcontra
270 1945 292 1997 si
310 1944 401 1998 mollia
419 1945 474 1998 sint
492 1945 640 2013 primordia
656 1962 756 2012 rennn,
925 1960 963 2000 570

108 2019 184 2073 arride
201 2024 303 2088 queant
321 1998 401 2073 relidi
421 2020 510 2075 silices
528 2021 685 2090 ferrumque
702 2021 788 2075 creari

109 2112 165 2149 nun
183 2096 285 2164 poterit
302 2096 374 2149 ratic
391 2096 486 2159 reddi;
509 2114 572 2151 nam
589 2096 713 2150 funditus
731 2097 818 2150 cliniis

109 2171 245 2242 principio
263 2170 433 2226 fundamenti
451 2180 550 2227 natura
567 2172 678 2227 carebit.

110 2254 177 2302 sunt
193 2248 278 2315 igitur
295 2248 382 2319 solida
399 2249 529 2318 pollentia
547 2249 719 2319 simplicitate

110 2340 228 2393 quorum
245 2324 381 2379 condenso
399 2325 486 2393 magis
503 2325 593 2378 omnia
610 2325 754 2380 conciliatu
927 2339 964 2380 ⁶75

111 2400 197 2454 artui
217 2405 329 2468 passum
347 2400 506 2470 validusque
523 2401 670 2455 ostendere
686 2401 759 2455 viris.

150 2475 235 2529 l’crro
252 2475 275 2530 si
293 2476 394 2531 nullast
411 2477 570 2545 frangendis
587 2477 698 2531 reddita
715 2477 777 2531 finis

110 2551 278 2621 cerporibus,
295 2555 388 2607 tamen
406 2570 440 2608 ex
458 2557 571 2607 aeterno
588 2557 713 2622 tempere
730 2570 855 2623 quaeque

111 2643 185 2682 nunc
202 2628 286 2682 ctiam
303 2645 433 2698 superare
450 2634 589 2683 necessest
606 2645 721 2699 corpora
738 2629 828 2697 rebus,

111 2721 184 2773 (luae
200 2703 321 2759 nendum
338 2705 448 2760 clueant
464 2705 520 2759 ullu
537 2709 673 2774 temptata
689 2705 797 2774 periclo.
928 2721 965 2760 eso

112 2783 143 2835 at
160 2781 288 2848 queniam
306 2781 397 2851 fragili
414 2784 513 2835 natura
530 2781 657 2850 praedita
673 2784 807 2848 constant,

112 2856 253 2927 discrepet
269 2861 413 2912 aeternum
430 2861 541 2926 tempus
558 2858 680 2926 petuisse
697 2872 808 2911 manere

113 2932 356 2987 innumerabilibus
373 2933 461 3002 plagis
478 2937 578 2987 vexata
595 2950 645 3000 pcr
662 2949 764 2986 aevom.

112 3008 235 3078 denique
249 3008 305 3062 iam
323 3008 451 3078 quoniam
467 3009 621 3076 generatim
639 3007 749 3061 reddita
765 3006 828 3059 finis

111 3083 253 3139 crescendi
270 3084 354 3138 rebus
371 3086 479 3138 constat
495 3082 636 3150 vitamque
653 3081 774 3147 tenendi,
919 3087 966 3137 5⁸⁶

114 3163 145 3213 et
161 3156 230 3228 φῆ
247 3175 374 3228 quaeque
391 3163 495 3227 queant
511 3174 561 3226 per
578 3157 690 3210 foedera
707 3154 822 3218 naturai,
