2176 3404
546 104 595 162 VI
940 112 997 169 175

57 224 67 233 ·
138 206 215 262 unde
233 211 348 276 repente
365 212 451 276 queat
466 209 551 263 tellus
568 225 699 265 conctusa
715 213 818 267 moveri

137 301 246 355 perque
263 300 339 339 mare
357 301 390 338 ac
407 288 498 339 terras
515 285 628 356 rapidus
645 303 807 356 percurrere
824 289 914 357 turbo,

137 362 212 430 ignis
230 360 372 415 abundare
391 364 541 429 Aetnaeus,
559 362 747 418 flammescere
764 366 877 420 caelum.

136 438 169 492 id
187 454 296 513 quoque
314 437 386 491 enim
404 438 437 492 fit
455 442 484 492 et
502 439 649 493 ardescunt
666 440 795 494 coelestia
813 443 932 511 templa·
962 458 998 497 cto

138 519 169 568 et
187 516 367 582 tempestates
385 513 493 583 pluviae
510 515 636 582 graviore
654 520 749 571 coortu

138 594 212 657 sunt,
229 590 278 644 ubi
295 590 367 645 forto
383 591 423 644 itn
441 608 471 645 se
489 591 644 646 tetulerunt
661 594 764 647 semina
781 611 921 664 aquarum.

138 669 182 721 ‘at
199 666 281 721 nimis
299 671 342 721 est
359 668 454 735 ingens
472 668 580 722 incendi
599 668 729 723 turbidus
746 669 844 725 ardor!

138 744 244 798 scilicet
261 746 292 798 et
309 744 407 798 liunus
425 744 515 813 quivis
532 749 575 798 est
593 745 728 800 maximus
745 745 771 800 ci

138 821 187 889 qni
205 838 259 874 non
277 825 342 874 ante
359 820 478 889 aliquem
496 821 628 876 maiorem
645 821 722 890 vidit,
741 826 771 877 ct
786 822 884 891 ingens
960 838 998 880 ott

137 897 221 952 arbor
239 897 376 965 homoque
393 898 511 966 videtur,
529 902 559 952 et
575 899 665 952 omnia
683 898 719 953 de
735 915 837 967 genere
854 900 927 955 omni

138 974 258 1028 maxima
275 991 345 1042 quac
363 974 433 1028 vidit
451 975 575 1044 quisquc,
593 976 661 1029 hacc
679 976 803 1045 ingentio
820 977 908 1046 fingit,

137 1066 200 1104 cnm
218 1054 312 1104 tamen
331 1052 421 1105 omnia
439 1067 502 1104 cum
519 1052 594 1105 caelo
613 1055 742 1122 terraque
759 1053 882 1122 marique

138 1126 176 1180 nil
193 1127 250 1181 sint
268 1126 304 1180 ad
322 1143 456 1181 sinumam
474 1122 589 1181 suinmai
606 1129 692 1182 totins
709 1146 826 1184 omnem.

173 1203 255 1257 Nunc
271 1205 367 1257 temen
385 1203 432 1257 illa
449 1204 537 1257 modis
556 1204 656 1272 quibus
673 1205 786 1260 inritato
802 1209 918 1275 repente
961 1219 998 1279 oso

138 1278 248 1333 flamma
265 1279 339 1333 foras
356 1281 441 1334 vastis
461 1281 571 1334 Aetnae
588 1281 743 1336 fornacibus
761 1282 843 1349 efflet,

138 1355 291 1425 expediam.
312 1356 432 1425 primum
448 1356 535 1411 totius
553 1356 670 1411 subcava
687 1358 789 1413 montis

137 1436 180 1487 est
197 1435 304 1501 natura,
322 1433 380 1487 fore
399 1433 504 1487 silicum
522 1433 633 1488 snffirlta
650 1434 780 1489 cavernis.

138 1510 263 1563 omnibus
281 1513 325 1563 est
341 1526 424 1578 porro
441 1509 470 1562 iu
488 1510 624 1579 speluncis
642 1514 739 1565 ventus
757 1516 787 1566 ct
804 1528 858 1566 aer.

138 1589 235 1640 uentus
254 1585 326 1639 euim
343 1586 384 1652 tit,
402 1585 449 1639 nbi
466 1591 511 1640 est
528 1587 659 1654 agitando
676 1588 799 1657 percitus
816 1606 871 1643 aer.
960 1604 997 1644 ost

137 1661 182 1715 hic
199 1661 247 1715 nbi
264 1661 400 1730 percaluit
417 1662 595 1731 calefecitque
612 1664 703 1717 omnia
720 1663 821 1719 circuni

137 1754 205 1792 saxa
221 1738 321 1803 furens,
339 1745 400 1807 qna'
411 1738 552 1807 contingit,
570 1742 737 1809 terramque,
754 1745 784 1794 ct
801 1742 836 1796 ab
855 1742 915 1797 ollis

137 1815 259 1869 excussit
275 1814 394 1869 calidum
412 1816 528 1869 flammis
545 1816 683 1870 velocibus
700 1817 799 1885 ignem,

136 1890 210 1945 tollit
229 1907 260 1945 se
276 1908 309 1946 ac
325 1892 410 1946 rectis¹
426 1892 467 1946 ita
484 1891 607 1946 faucibus
625 1892 690 1947 eicit
707 1893 771 1947 alte.

135 1968 193 2022 fert
210 1968 304 2036 itaque
322 1968 448 2022 ardorem
467 1969 547 2037 longe
565 1970 700 2038 longeque
718 1970 838 2024 favillam
959 1985 996 2025 ooo

137 2043 232 2099 differt
250 2046 280 2097 ct
297 2060 390 2097 crassa
406 2044 493 2098 volvit
510 2046 625 2114 caligine
643 2047 747 2100 turnum

137 2120 317 2189 extruditque
334 2121 413 2174 simul
431 2122 554 2175 mirando
572 2122 695 2191 pondere
713 2139 793 2190 saxa;

136 2214 172 2250 ne
190 2196 302 2251 dubites
319 2197 385 2266 quin
402 2197 470 2252 haee
487 2198 587 2252 animai
604 2198 717 2253 turbida
734 2199 772 2253 sit
789 2199 837 2254 via

136 2276 281 2343 praeterea
297 2290 397 2342 magna
414 2291 449 2329 cx
466 2275 540 2344 parti
557 2292 633 2329 mare
650 2277 751 2331 montis
768 2277 806 2330 ad
823 2276 892 2330 cius⁴

135 2349 244 2403 radices
260 2349 364 2419 frangit
381 2352 480 2405 fluctus
497 2355 658 2422 aestumue
675 2353 808 2408 resorbet.
956 2367 993 2408 ost

137 2442 171 2480 cx
189 2426 241 2479 hoc
258 2442 345 2495 usqne
362 2428 432 2481 mari
450 2428 595 2497 speluncae
613 2429 716 2484 montis
733 2429 770 2483 ad
787 2430 857 2484 altas

62 2530 65 2536 ,
135 2502 301 2572 perveniunt
318 2502 415 2558 subter
431 2505 531 2558 fauces.
549 2504 601 2558 hac
618 2505 660 2559 ire
678 2504 851 2559 fatendumst

136 2657 166 2709 et
183 2659 330 2724 penetrare
347 2657 417 2710 mari
434 2658 544 2727 penitus
561 2674 607 2712 res
624 2658 698 2726 cogit
715 2661 811 2727 aperto

135 2735 221 2800 atque
239 2733 331 2787 efflare
348 2733 422 2787 foras
439 2734 557 2803 ideoque
575 2734 707 2788 extollere
725 2734 862 2789 flammam

136 2823 258 2877 saxaque
276 2809 430 2863 subiectare
447 2814 476 2865 et
493 2809 593 2865 arenae
610 2810 708 2864 tollere
725 2809 839 2864 nimbos.
954 2824 992 2867 too

134 2884 164 2937 in
182 2901 289 2939 summo
307 2888 372 2940 suut
389 2887 491 2941 vertice
509 2887 581 2940 enim
600 2889 728 2953 crateres,
747 2889 780 2940 ut
796 2886 849 2955 ipsi

135 2960 316 3028 nominitant3
333 2978 382 3016 nos
400 2963 476 3031 quod
492 2964 585 3016 fauces
603 2961 779 3030 perhibemus
797 2966 828 3017 et
845 2978 900 3017 ora

171 3036 242 3091 Sunt
253 3037 359 3106 aliquot
372 3053 480 3104 quoque
492 3053 536 3090 res
549 3054 664 3105 querum
676 3054 759 3090 unam
772 3039 865 3091 dicero
881 3055 990 3092 causam

136 3128 191 3166 non
209 3113 276 3166 satis
293 3115 344 3177 cst,
361 3127 456 3163 verum
473 3111 567 3177 pluris,
584 3110 659 3164 unde
675 3127 731 3164 una
747 3115 839 3165 tamen
858 3113 909 3177 sit3

137 3202 234 3256 corpus
252 3189 284 3238 ut
301 3185 457 3238 exanimum
476 3183 572 3248 siquod
590 3185 684 3251 procul
702 3185 762 3252 ipse
778 3186 868 3239 iacere
953 3199 990 3239 tot

998 3318 1075 3356 A
