2138 3404
104 104 141 160 14
522 100 538 156 Ι

101 220 166 259 nam
183 218 355 273 quacumque
371 207 451 258 vacat
468 203 595 272 spatium,
611 200 688 271 qnod
705 201 785 257 mane
802 218 944 269 rocetos,

102 296 202 350 corpus
218 296 253 334 ea
268 295 323 333 non
339 282 398 344 est;
422 295 478 348 qua
494 294 576 348 porro
593 293 711 347 cumque
728 281 807 333 tenet
825 296 857 333 se

100 372 208 426 corpus,
225 372 259 411 ea
275 371 388 410 vacuom
407 372 579 426 nequaquam
596 358 705 408 constat
721 355 807 410 inane.

102 436 167 487 sant
184 433 269 502 igitur
286 431 374 486 solida
390 448 423 486 ac
440 432 499 486 sine
515 431 589 485 inani
606 447 720 500 corpora
736 432 834 500 prima
921 452 963 491 erc

102 512 247 579 practerea
263 508 391 578 qnoniam
409 507 510 577 genitis
526 508 555 560 in
572 506 657 562 rebus
673 506 788 575 inmest,

103 586 246 640 materiem
263 586 365 641 circum
383 583 499 639 solidam
516 586 641 638 constare
658 587 803 651 necessest,

103 677 154 716 nec
171 677 216 715 res
233 660 290 716 ulla
306 664 400 730 potest
417 677 482 715 vera
499 660 606 714 ratione
622 658 734 729 probari

102 753 216 806 corpore
234 736 314 792 inane
331 753 381 790 suo
398 736 488 792 celare
504 740 589 805 atque
606 736 680 790 intus
697 735 807 804 habere,

101 813 126 869 si
144 829 207 880 non,
224 812 299 881 qnod
315 812 433 879 cohibet,
452 812 570 866 solidum
587 815 713 869 constare
730 812 877 882 relinquas
922 829 961 869 διε»

102 889 132 943 id
149 905 232 959 porro
249 888 287 942 nil
304 904 365 943 esse
382 893 475 958 potest
492 888 545 942 nisi
562 888 689 942 materiai

102 965 252 1032 concilium,
270 964 344 1033 quod
361 964 442 1019 inane
460 968 543 1035 queat
560 980 652 1018 rerum
670 963 804 1019 cohibere

103 1041 233 1096 materies
250 1041 342 1110 igitur,
360 1040 448 1095 solido
465 1056 536 1109 quae
552 1056 666 1109 corpore
682 1043 798 1110 constat,

102 1134 163 1172 esse
179 1123 292 1172 aeterna
309 1120 409 1186 potest,
421 1133 482 1171 cum
500 1119 594 1171 cetera
611 1115 803 1172 dissoluantur.

102 1197 163 1248 tum
180 1210 262 1263 porro
279 1194 302 1247 si
320 1193 359 1247 nil
377 1198 451 1248 esset
467 1191 543 1262 quod
559 1193 640 1246 inane
656 1210 674 1247 v
754 1196 775 1261 t,
920 1210 960 1250 sao

102 1286 182 1325 omne
199 1270 271 1325 foret
288 1269 420 1336 solidnm;
443 1269 496 1323 nisi
513 1272 609 1323 eontra
626 1284 658 1323 co
757 1271 834 1324 certa

102 1352 195 1403 essent
212 1363 282 1417 quae
299 1347 359 1401 loca
375 1347 544 1416 complerent
561 1361 748 1415 quaecumque
764 1349 904 1416 tenerent,

102 1441 183 1479 omne
200 1425 274 1494 quod
287 1423 615 1513 'esgspatiumvacuum
633 1424 773 1477 constaret
788 1422 877 1477 inane.

102 1500 216 1556 alternis
232 1500 318 1568 igitur
334 1500 461 1553 nimirum
479 1514 577 1567 eorpus
595 1497 669 1551 inani

6 1638 9 1643 7
103 1576 296 1641 distinctumst,
314 1575 442 1643 quoniam
459 1590 510 1628 nee
528 1573 639 1641 plenum
656 1570 764 1628 naviter
781 1576 860 1629 extat
920 1591 957 1631 sm

101 1667 152 1705 nee
169 1666 251 1720 porro
265 1665 396 1704 vaenum:
409 1654 474 1705 sunt
491 1665 558 1718 ergo
575 1665 689 1719 corpora
705 1651 782 1703 certa

102 1743 172 1794 quae
190 1726 309 1796 spatium
326 1725 408 1795 pleno
424 1726 530 1796 possint
547 1725 716 1794 distinguere
733 1725 820 1780 inane

102 1802 170 1856 haee
186 1818 275 1870 neque
292 1802 404 1857 dissolui
422 1801 509 1871 plagis
526 1802 696 1856 extrinsecus
713 1800 769 1856 ieta

101 1882 218 1948 possunt
234 1895 285 1933 nec
301 1894 383 1948 porro
400 1878 511 1948 penitus
527 1882 673 1947 penetrata
689 1878 780 1932 retexi

101 1970 153 2009 nee
170 1955 277 2009 ratione
293 1958 399 2023 queunt
416 1954 471 2008 alia
487 1952 625 2023 temptata
642 1953 750 2020 labaro;
919 1970 958 2010 aso

100 2030 132 2085 id
149 2030 294 2100 quodiam
313 2047 395 2099 supra
412 2031 465 2085 tibi
481 2031 563 2100 paulo
580 2030 752 2084 ostendimus
768 2033 840 2086 ante.

102 2124 165 2162 nam
183 2124 271 2178 neque
287 2107 386 2162 conlidi
405 2107 463 2161 sine
479 2107 553 2161 inani
571 2123 652 2175 posse
669 2105 780 2161 ridetur

101 2185 245 2254 quicquam
263 2202 314 2240 nec
331 2183 420 2252 frangi
437 2200 488 2237 nec
505 2183 573 2236 findi
591 2184 620 2236 in
637 2182 703 2236 bina
719 2183 838 2237 secando

101 2278 152 2316 nec
169 2278 267 2333 capere
284 2276 408 2315 umorem
424 2276 515 2330 neque
532 2261 599 2314 item
617 2259 752 2313 manabile
768 2259 855 2328 frigus

100 2355 151 2392 nec
169 2337 339 2408 penetralem
356 2337 455 2404 ignem,
473 2336 572 2406 quibus
589 2336 681 2390 omnia
697 2335 888 2392 conficiuntur.
918 2351 954 2390 eas

101 2417 132 2468 et
149 2430 203 2483 quo
221 2429 346 2483 quaeque
363 2412 451 2482 inagis
468 2411 579 2477 cohibet
595 2428 641 2466 ros
657 2413 732 2466 intus
749 2411 838 2477 inane,

100 2495 159 2544 tam
175 2491 263 2559 magis
281 2489 324 2544 his
347 2488 431 2543 rebus
447 2489 558 2558 penitus
575 2490 713 2556 temptata
729 2487 854 2542 labascit.

101 2582 167 2636 crgo
185 2566 208 2620 si
226 2564 312 2620 solida
329 2581 362 2619 ac
379 2565 437 2619 sine
455 2565 530 2618 inani
547 2580 662 2632 corpora
678 2563 767 2632 prima

100 2645 164 2696 sunt
181 2641 223 2697 ito
238 2642 281 2696 uti
299 2640 388 2706 docui,
406 2642 462 2695 sint
480 2640 547 2695 hacc
564 2643 677 2694 aeterna
693 2641 840 2694 necessest

100 2722 246 2787 praeterea
262 2718 315 2773 nisi
332 2718 462 2773 materies
479 2720 592 2771 aeterna
608 2716 713 2784 fuisset,
916 2729 955 2771 aso

100 2795 217 2849 antehac
234 2794 271 2847 ad
287 2795 373 2848 nilum
390 2795 499 2861 penitus
515 2809 561 2846 res
578 2808 704 2861 quaeque
721 2790 861 2847 redissent

101 2869 137 2920 de
153 2869 264 2934 niloque
281 2873 378 2920 renata
395 2869 486 2921 forent
504 2883 690 2935 quaecumque
707 2866 839 2921 videmus.

100 2945 131 2992 at
148 2940 278 3005 quoniam
295 2955 379 3006 supra
395 2939 476 2994 docui
492 2941 530 2994 nil
548 2955 629 3008 posse
646 2941 733 2994 creari

101 3012 138 3064 de
154 3012 211 3063 nilo
227 3026 317 3076 neque
334 3013 409 3079 quod
425 3014 548 3079 genitum
566 3018 610 3066 est
626 3013 663 3066 ad
680 3016 718 3068 nil
735 3016 865 3084 revocari,

102 3101 164 3139 osse
179 3085 318 3136 inmortali
335 3085 485 3151 primordia
501 3103 614 3153 corpore
631 3087 741 3155 debent,
917 3101 957 3147 sc·

102 3157 217 3210 dissolui
235 3172 289 3223 qno
307 3173 431 3224 quaeque
449 3175 577 3225 supremo
593 3164 718 3228 tempere
735 3164 850 3231 possint,
