2176 3404
119 55 176 113 loo
527 51 576 107 VI

115 174 170 227 quo
187 156 274 224 magis
291 158 416 210 errantes
434 171 515 209 eaeea
532 156 637 208 ratione
655 155 787 208 feruntur.

116 249 187 302 qnae
204 232 255 286 nisi
273 232 378 300 respuis
396 248 430 285 ex
448 231 538 284 animo
557 231 690 298 longeque
707 229 827 284 remittis

115 311 159 364 dis
175 309 287 376 indigna
304 311 402 377 putare
419 307 561 376 alienaque
578 307 652 376 paeis
670 322 771 372 eorum,

115 386 237 440 delibata
254 385 336 438 deum
354 401 403 453 per
420 389 449 438 te
467 384 519 438 tibi
537 384 649 437 numina
667 387 761 437 saneta
950 399 978 440 ro

116 479 197 532 saepe
214 461 347 526 oberunt;
363 478 417 514 non
435 477 489 530 quo
508 461 602 514 violari
620 477 725 514 summa
742 460 826 514 deum
844 460 888 514 vis

115 539 210 609 possit,
228 542 261 592 ut
277 554 312 591 ex
329 537 371 591 ira
388 553 490 606 poenas
507 541 603 605 petere
620 536 726 591 inbibat
743 537 821 606 aeris,

115 615 167 669 sed
184 615 248 683 qnia
265 618 326 668 tute
344 613 395 667 tibi
413 613 521 682 placida
538 630 600 666 eum
618 630 685 682 paee
702 614 810 682 quietos
862 624 870 629 ·

115 692 265 746 constitues
283 708 394 758 magnos
411 691 515 744 irarum
532 689 641 743 volvere
659 689 765 757 fluetus,

114 783 165 820 nee
183 766 297 821 delubra
314 767 397 820 deum
413 766 522 837 plaeido
540 783 602 820 eum
619 769 731 835 pectore
748 765 846 833 adibis,

115 860 165 897 nee
183 843 218 896 de
235 860 349 913 eor-pore
366 860 436 910 quae
454 846 548 897 saneto
566 842 710 896 simulacra
726 843 854 896 feruntur

114 920 142 973 in
160 923 266 973 mentes
284 920 425 973 hominum
443 919 551 972 divinae
568 919 663 972 nuntia
680 920 791 984 ferinae,

114 997 254 1066 suscipere
271 996 338 1049 haee
356 996 439 1049 animi
457 995 602 1064 tranquilla
619 1012 686 1065 paee
704 996 814 1049 valebis

114 1072 180 1127 inde
197 1071 292 1126 videre
309 1072 374 1125 lieet
392 1072 478 1140 qualis
496 1072 550 1125 iem
567 1072 625 1126 uita
643 1077 779 1140 sequatur.
827 1121 862 1134 ,

114 1166 196 1218 quam
214 1149 325 1218 quidem
342 1153 375 1202 nt
392 1165 409 1201 a
426 1149 504 1202 nobis
521 1149 591 1203 ratio
609 1149 749 1202 verissime
767 1149 847 1216 longo

113 1226 216 1293 reiciat,
234 1242 399 1295 quemquam
413 1229 479 1279 sunt
497 1243 514 1279 a
531 1242 575 1278 me
592 1226 679 1279 multa
696 1225 826 1295 profecta,

114 1302 201 1355 multa
218 1306 310 1356 tamen
327 1305 433 1356 restant
451 1305 480 1356 et
498 1306 563 1356 sunt
580 1302 701 1356 ornanda
717 1301 809 1371 politis

116 1377 252 1443 versibns3
271 1381 314 1432 est
331 1379 402 1432 ratio
420 1379 488 1432 caeli
506 1379 662 1447 speciesque
680 1379 806 1447 tenenda,

114 1459 178 1507 sunt
196 1457 375 1522 tempestates
392 1459 421 1508 et
437 1455 552 1508 fulmina
569 1455 642 1509 olera
659 1457 787 1523 canenda,

113 1529 181 1597 qnid
198 1529 299 1584 faciam
317 1535 345 1584 et
363 1531 469 1598 quaesto
487 1547 568 1584 eausa
585 1549 701 1600 eumque
718 1532 854 1594 ferentum

114 1621 148 1658 ne
165 1605 289 1675 trepides
296 1607 374 1695 keaeli
392 1608 485 1661 divisis
502 1608 627 1676 partibus
637 1625 745 1697 fimens,

113 1681 186 1734 unde
204 1682 298 1736 volans
315 1684 386 1751 ignis
403 1684 559 1752 pervenerit
576 1687 625 1738 ant
641 1702 669 1737 111
686 1688 777 1738 utram
795 1701 825 1738 se

114 1758 230 1812 verterit
247 1759 310 1814 hine
327 1760 437 1827 partim,
456 1776 510 1828 quo
528 1765 610 1828 paeto
627 1777 678 1829 per
696 1761 756 1815 loea
773 1763 870 1829 saepta

113 1834 263 1904 nisinuarit,
281 1839 310 1889 et
327 1826 562 1903 liinelglominetus
569 1832 611 1921 lut
628 1837 759 1891 extulerit
776 1854 814 1892 se.

113 1934 216 1973 QUORUM
226 1935 324 1967 OPERUE
335 1936 517 1969 coessentium
527 1936 632 1969 RATIONE
641 1937 733 1969 moene

114 2003 217 2037 POSSUNT
226 2003 257 2037 Ac
267 2005 334 2036 FIERI
345 2005 431 2037 Divino
441 2005 538 2038 Nomen
548 2005 651 2038 RENTUR.

113 2070 145 2120 to
163 2067 230 2120 mihi
248 2083 391 2137 supremae
409 2068 578 2136 praescribis
596 2068 632 2121 ad
649 2068 766 2121 eandida
783 2069 884 2140 ealeisj

113 2144 234 2197 currenti
244 2138 371 2213 :spatium
388 2148 585 2214 praemonstra,
602 2144 700 2198 callida
718 2161 796 2197 musa

115 2221 244 2291 (lalliopej
261 2221 371 2289 requies
389 2221 529 2275 hominum
547 2221 693 2290 divomque
711 2221 844 2291 voluptas,

113 2300 143 2351 ts
161 2297 231 2351 duee
249 2301 281 2351 ut
298 2298 397 2367 insigni
416 2299 522 2367 capiam
540 2314 602 2351 cum
619 2298 700 2352 laude
718 2314 853 2351 eoronam.

151 2375 287 2443 Principio
304 2375 409 2429 tonitru
426 2376 588 2443 quatiuntur
605 2375 712 2429 caerula
729 2374 797 2429 caeli

113 2454 261 2520 propterea
278 2452 341 2520 quia
358 2454 524 2506 concurrunt
541 2451 655 2505 sublime
672 2452 796 2505 volantes

113 2527 252 2581 aetheriae
268 2529 355 2583 nubes
373 2533 467 2583 eontra
484 2527 661 2598 pugnantibu'
678 2528 776 2581 ventis.

114 2619 164 2656 nee
182 2604 215 2658 fit
232 2605 304 2658 enim
323 2605 427 2659 sonitus
444 2606 512 2660 eseli
530 2605 566 2658 de
583 2609 662 2674 parte
680 2620 783 2670 serena,

114 2696 208 2733 rerum
220 2680 383 2750 ubicumque
392 2684 481 2751 onagris
494 2684 579 2736 denso
592 2687 656 2735 sunt
667 2681 774 2748 agmine
785 2678 878 2744 nubes,
931 2693 971 2756 loq

114 2758 172 2805 tam
189 2758 275 2821 inagis
293 2757 355 2809 hine
373 2774 472 2824 magno
490 2759 617 2812 fremitus
635 2759 667 2811 fit
685 2772 825 2809 murmure
842 2770 932 2824 saepe.

113 2830 257 2891 praeterea
275 2849 365 2899 neque
382 2836 440 2885 tam
458 2835 596 2889 condenso
614 2850 728 2903 corpore
745 2831 832 2884 nubes

113 2914 173 2950 esse
193 2911 296 2965 queunt
314 2924 396 2973 quam
413 2914 478 2963 sunt
495 2911 602 2979 lapides
619 2929 651 2965 ee
667 2911 752 2979 tigne,
766 2909 855 2976 neque
871 2909 968 2960 autem

113 2973 170 3021 tam
189 2976 285 3030 tenues
304 2997 385 3047 quem
404 2987 468 3036 sunt
486 2986 602 3039 nebulae
619 2985 742 3053 fumique
758 2983 889 3037 volantes.

113 3054 176 3091 nam
194 3047 292 3127 eadere
309 3058 358 3106 ant
375 3055 458 3108 bruto
476 3058 611 3113 deberent
627 3060 749 3128 pondere
766 3075 879 3128 pressae
930 3073 968 3112 10⁵

113 3113 145 3160 ut
162 3113 274 3182 lapides,
292 3129 341 3175 aut
357 3131 391 3178 ut
408 3130 498 3181 fumus
516 3138 642 3187 constare
660 3137 805 3203 nequirent
861 3124 864 3131 ⁶
