2190 3398
551 79 587 136 II
956 84 994 140 35

131 196 174 237 ne
191 179 244 236 tibi
261 180 330 236 dent
347 179 376 234 in
393 196 426 236 eo
443 176 613 237 flammarum
629 187 745 250 ‘corporo
761 182 893 238 fraudem.

132 273 236 311 sursus
253 256 327 312 enim
345 272 440 311 versus
457 257 607 325 gignuntur
624 259 654 310 et
671 258 798 325 augmina
815 262 927 313 sumunt

132 336 166 388 et
185 349 294 387 sursum
312 332 417 387 nitidae
435 333 529 401 fruges
547 332 712 401 arbustaque
729 338 865 401 crescunt,

131 408 269 479 pondere,
278 409 484 477 quantuminse
491 412 542 476 cst,
550 425 611 463 cum
620 410 746 462 deorsum
756 413 856 463 cuncte
863 410 994 466 ferentur·

133 502 189 539 nec
207 501 269 539 cum
287 484 432 538 subsiliunt
448 486 525 553 ignes
543 485 579 539 ad
597 488 673 539 tecte
688 484 830 539 domorum
959 503 994 542 191

135 565 168 615 et
187 561 268 616 celeri
286 560 395 614 flamme
413 561 562 628 degustant
579 560 655 629 tigno
673 559 827 630 trabesque,

135 641 239 707 sponte
256 653 305 691 sus
322 637 413 691 iecere
430 637 460 690 id
478 637 535 690 sine
553 636 579 691 ri
598 638 741 705 subigente
759 637 913 707 putendum
931 640 983 693 est.

135 712 213 782 quod
230 729 315 782 genus
333 730 349 767 e
365 716 459 766 nostro
478 729 540 766 cum
557 713 655 766 missus
673 728 786 783 corpore
803 713 913 782 sanguis

135 789 240 845 emicet
257 789 382 843 exultans
400 788 456 842 alte
474 788 633 859 spargitque
651 805 782 843 cruorem.
958 805 994 845 ies

134 882 229 919 nonne
246 865 322 919 vides
340 866 422 919 etiam
440 866 587 933 quentari
604 865 681 934 tigne
697 864 844 936 trabesque

134 944 251 1010 respuet
267 958 347 995 umor
364 944 466 1008 equae?
484 957 547 995 nem
565 958 620 1010 quo
636 942 722 1010 magis
738 942 857 997 ursimus
874 941 931 997 alte

137 1018 248 1072 deiecta
265 1020 294 1071 et
312 1034 410 1085 magna
427 1018 454 1071 vi
471 1017 550 1072 multi
567 1017 716 1087 pressimus
734 1033 823 1086 aegre,

136 1097 198 1148 tam
215 1093 313 1164 cupide
330 1110 437 1148 sursum
455 1094 570 1148 revomit
587 1095 673 1163 magis
690 1097 774 1162 atque
791 1094 916 1163 remittit,

135 1171 202 1241 plus
219 1174 250 1225 ut
267 1174 347 1240 porte
364 1171 437 1224 iores
455 1174 596 1238 emergent
613 1171 786 1240 exilientque.
957 1187 993 1225 noo

137 1263 191 1301 nee
202 1249 295 1301 temen
306 1247 381 1315 haec,
393 1251 523 1316 quantum
537 1250 580 1301 est
590 1247 619 1300 in
631 1263 668 1314 se,
682 1246 847 1315 dubitamus,
859 1247 962 1316 opinor,

136 1323 204 1391 quin
221 1339 335 1376 vacuum
353 1339 404 1391 per
422 1322 500 1376 inane
518 1323 645 1377 deorsum
662 1325 761 1376 cuncta
777 1322 868 1375 forant
902 1363 908 1374 .

138 1398 178 1452 sic
195 1397 280 1466 igitur
297 1398 401 1452 debent
418 1398 543 1451 flammae
561 1415 671 1467 quoque
688 1413 768 1466 posse
786 1413 836 1464 per
851 1412 933 1450 suros

138 1475 211 1528 aeris
230 1490 375 1545 expressae
393 1490 500 1527 sursum
518 1474 672 1541 succedere,
691 1489 854 1542 quemquam

138 1551 268 1619 pondere,
276 1553 409 1619 quantum
418 1549 446 1602 in
453 1553 516 1617 sest,
524 1551 652 1604 deorsum
663 1549 796 1603 deducere
803 1552 932 1617 pugnent.
956 1565 992 1603 eos

63 1676 68 1685 ,
140 1630 342 1696 nocturnusque
359 1627 431 1681 faces
449 1626 516 1681 caeli
536 1626 651 1680 sublime
669 1625 786 1679 volentis

139 1719 230 1757 nonne
248 1702 325 1767 rides
343 1703 437 1771 longos
455 1702 626 1769 flemmarum
645 1701 745 1755 ducere
765 1705 868 1757 tructus
981 1740 987 1747 -

138 1778 168 1831 in
187 1795 372 1848 quoscumque
390 1778 468 1847 dedit
485 1779 572 1847 partis
590 1783 689 1832 nature
706 1781 844 1833 meatum?

139 1870 195 1907 non
212 1854 311 1907 cadere
328 1855 356 1907 in
374 1857 477 1918 terrem
495 1854 589 1909 stellas
608 1858 637 1910 ct
655 1855 745 1909 sidera
762 1856 867 1911 cernis?

139 1931 180 1985 eol
199 1930 280 1983 etiem
298 1930 367 1984 caeli
385 1930 420 1984 de
438 1932 541 1985 vertice
559 1931 675 2000 dissipet
692 1932 778 1985 omnis
955 1949 992 1986 210

140 2005 265 2059 ardorem
283 2005 312 2059 in
329 2006 416 2075 partis
433 2010 464 2059 et
480 2006 582 2060 lumine
600 2007 718 2061 conserit
735 2023 814 2073 ωας

139 2081 169 2134 in
186 2084 275 2135 terres
292 2081 378 2150 igitur
396 2097 504 2149 quoque
521 2082 585 2135 solis
604 2082 726 2150 vergitur
745 2082 835 2136 ardor.

141 2161 365 2226 transversosque
383 2158 476 2211 volere
494 2175 545 2227 per
562 2157 658 2212 imbris
677 2159 789 2212 fulmina
806 2160 908 2226 cernis;

140 2249 211 2286 nunc
228 2232 291 2286 hinc
307 2250 379 2287 nunc
395 2233 468 2287 illinc
485 2234 596 2303 abrupti
613 2234 729 2288 nubibus
748 2235 823 2302 ignes

141 2313 316 2374 concurssnt;
333 2309 408 2364 cedit
425 2309 454 2363 in
471 2313 560 2364 terras
577 2311 618 2364 vis
637 2310 761 2364 flammea
778 2311 863 2380 volgo.
954 2328 991 2369 ns

176 2384 250 2439 Illud
267 2385 295 2438 ir
312 2384 355 2439 his
372 2402 480 2455 quoque
498 2389 527 2440 te
544 2387 626 2440 rebus
644 2403 807 2455 cognoscere
825 2405 942 2459 evemus,

142 2476 255 2529 corpore
272 2477 334 2515 cum
353 2460 480 2515 deorsum
499 2466 605 2516 rectum
623 2480 673 2533 per
690 2464 770 2517 inane
786 2463 918 2534 feruntur,

142 2536 306 2606 ponderibus
324 2538 441 2608 propriis
459 2538 562 2593 incerto
581 2543 705 2608 tempore
722 2541 809 2593 fenne

140 2614 305 2681 incertisque
322 2615 373 2668 loci
392 2615 488 2683 spatiis
506 2616 641 2670 dcoeilerc
659 2617 777 2685 paulum,

141 2692 247 2743 tuntum
265 2690 339 2758 quod
356 2708 463 2745 momen
481 2695 617 2746 mutatum
636 2692 726 2747 dicere
743 2692 837 2762 possis.
953 2711 989 2750 ruo

143 2765 215 2833 quod
232 2765 285 2818 nisi
303 2765 440 2821 declinare
458 2769 585 2835 solerent,
604 2769 695 2823 omnia
712 2769 846 2835 deorsum,

141 2840 237 2894 imbris
253 2842 294 2895 uti
313 2846 415 2911 guttae,
435 2844 566 2898 caderent
583 2862 634 2915 per
651 2846 731 2899 inane
748 2844 919 2913 profundum,

142 2933 189 2970 nec
205 2916 278 2972 foret
295 2918 413 2972 offensus
431 2924 512 2974 natus
530 2938 580 2974 nec
597 2922 679 2990 plage
696 2924 788 2975 creata

142 2993 291 3062 principiis:
308 2995 348 3049 ita
364 2996 403 3049 nil
420 3013 550 3065 nmquam
567 3001 666 3050 nature
683 3000 809 3050 creasset.

176 3068 256 3134 Quod
273 3071 297 3125 si
315 3073 386 3126 forte
403 3072 502 3140 aliquis
519 3072 609 3125 credit
626 3072 751 3139 graviora
767 3074 877 3138 potesse
952 3084 987 3121 me

142 3161 260 3215 corpore,
279 3164 333 3216 quo
350 3148 432 3203 citius
449 3150 555 3201 rectum
572 3162 622 3214 per
640 3146 720 3196 inuno
736 3144 869 3208 feruntur,
917 3175 919 3180 ·
