2190 3398
547 102 602 157 ΙΙΙ
962 104 998 161 61

146 203 269 274 percipit
285 203 377 272 adque
394 202 500 270 herrm,
517 204 590 272 quod
608 205 648 258 sic
665 208 764 259 natura
781 209 831 261 tua
847 207 874 261 vi

146 284 206 335 tam
223 279 368 333 manifesta
384 283 483 349 pratens
500 295 535 333 ex
552 280 625 334 omni
642 283 724 350 parte
741 285 848 336 retecta
864 284 914 337 cst.
976 299 1001 338 so

183 357 221 410 Et
238 356 365 425 quoniam
383 355 471 422 docui,
488 360 648 411 cunctarum
667 357 780 411 exordia
797 374 890 412 rorum

146 431 240 500 qualia
257 431 312 485 sint
330 435 360 486 et
377 447 460 501 quam
477 432 559 486 variis
576 433 709 487 distantia
726 433 821 487 formis

146 512 247 577 sponte
264 523 313 561 sua
329 507 445 563 volitent
462 512 574 563 aetemo
592 510 698 578 percita
715 514 792 564 motu

146 600 236 653 quove
252 583 334 637 modo
351 584 458 653 possint
474 601 520 639 res
537 601 572 639 ex
590 585 633 639 his
651 602 775 654 quaeque
792 586 890 655 creari,

146 660 229 715 hasce
246 660 396 714 secundum
415 677 460 714 ros
477 660 560 715 animi
577 664 676 714 uatttra
693 661 804 716 videtur
976 677 1001 717 3⁵

146 740 233 806 atquo
249 737 356 790 animae
372 736 502 791 claranda
519 737 588 791 mois
606 738 660 791 iam
678 738 801 792 versibus
818 756 879 794 csso

146 817 178 866 et
194 817 284 867 metus
301 813 348 866 illc
365 813 438 866 foras
455 829 588 883 praeceps
607 814 774 868 Acheruntis
792 816 924 883 agendus,

146 888 270 942 irmditus
287 889 433 942 humanam
451 889 497 956 qui
514 890 599 944 vitum
616 889 713 944 turbat
730 890 766 944 ab
783 891 838 945 imo

146 965 239 1019 omnia
255 965 414 1019 suffundens
430 966 527 1019 mortis
545 966 656 1034 nigrore
673 984 762 1036 noque
778 967 861 1021 ullam

146 1058 209 1096 esse
225 1042 395 1112 voluptatem
413 1042 543 1111 liquiiam
561 1059 714 1113 puramque
731 1045 868 1114 relinquit.
973 1059 999 1096 so

146 1135 211 1172 nam
229 1118 302 1188 quod
320 1135 402 1188 saepe
419 1119 542 1173 homines
559 1120 668 1175 morbos
685 1122 773 1189 magis
787 1138 847 1175 csse
861 1120 1000 1175 timendos

146 1195 330 1262 infamemque
347 1196 440 1248 serunt
457 1196 540 1249 vitam
558 1213 640 1263 quam
659 1197 773 1251 Tartara
790 1198 838 1251 lcii

147 1274 226 1325 etse
244 1271 315 1325 seire
335 1271 442 1324 animae
459 1276 585 1325 naturam
604 1273 743 1340 sanguinis
760 1289 820 1327 csse

110 1374 137 1408 a
147 1346 297 1401 autetiam
316 1348 400 1414 venti,
419 1348 442 1400 si
460 1348 517 1401 fert
534 1348 574 1400 ita
591 1348 663 1402 forto
681 1349 814 1417 voluntas,

111 1445 135 1478 u
147 1439 199 1478 uec
216 1439 326 1492 prosum
345 1424 489 1492 quicquam
508 1428 617 1478 rmstrae
634 1424 749 1478 rationis
764 1442 854 1493 egere,
974 1440 999 1478 45

146 1500 211 1553 hinc
229 1499 293 1553 licet
310 1498 440 1553 advertas
457 1500 577 1554 animum
595 1501 682 1568 magis
700 1502 791 1554 orunia
808 1502 896 1555 laudis

110 1597 134 1632 a
146 1576 244 1630 iactari
262 1592 343 1629 causa
360 1593 442 1645 quam
460 1576 534 1644 quod
552 1593 597 1630 res
613 1577 673 1645 ipsa
691 1578 830 1646 probetur.

147 1656 272 1706 extorres
288 1651 362 1705 idem
380 1652 471 1721 patria
487 1653 624 1722 longeque
640 1653 726 1721 fugati

146 1731 297 1798 conspeetu
314 1745 347 1781 cx
366 1729 513 1795 hominum,
531 1729 636 1783 feodati
653 1730 767 1783 crimino
785 1731 868 1800 turpi,

146 1804 273 1859 omuibus
289 1805 426 1858 aerumnis
444 1805 545 1859 adfecti
564 1805 682 1873 denique
699 1806 801 1872 vivunt,
974 1822 999 1862 so
1065 1864 1070 1877 ,

146 1884 178 1935 et
194 1897 364 1949 quocumque
382 1884 475 1934 tamon
493 1881 585 1935 miseri
602 1897 701 1935 venere
719 1887 865 1951 parentant

145 1960 177 2012 et
192 1957 285 2025 nigras
302 1960 423 2010 umetant
441 1957 561 2026 pecudes
578 1960 608 2012 et
625 1956 742 2011 manibu'
760 1959 829 2012 divis

145 2033 259 2087 inferias
277 2033 393 2087 mittunt
409 2034 551 2102 multoque
568 2036 597 2087 in
614 2034 697 2088 rebus
714 2034 822 2088 acerbis

146 2110 237 2164 acrius
255 2109 404 2163 advertunt
421 2110 525 2164 animos
543 2111 579 2163 ud
596 2109 762 2178 religionem.

146 2203 202 2255 quo
218 2186 305 2254 magis
321 2185 350 2239 iu
369 2183 460 2240 dubiis
476 2186 613 2240 hominem
632 2191 757 2256 spectaro
775 2187 885 2256 pcriciis
974 2205 999 2243 ss

146 2262 275 2317 convenit
292 2261 467 2331 adversisque
479 2263 512 2323 ‚in
529 2263 613 2317 rebus
629 2279 743 2317 noscero
761 2263 808 2331 qui
827 2265 878 2329 sit;

145 2355 209 2392 nam
227 2355 309 2392 verae
325 2355 405 2393 voces
422 2343 482 2392 tum
500 2338 610 2393 demum
629 2343 741 2410 pectore
758 2339 794 2391 ab
811 2339 867 2392 imo

145 2415 283 2470 eiciuntur
300 2422 325 2470 ct
342 2415 460 2485 eripitur
477 2433 602 2486 persona,
619 2419 714 2470 manet
730 2432 783 2470 res.

146 2491 265 2561 denique
281 2492 407 2546 avarities
425 2497 454 2547 et
470 2492 602 2547 honorum
620 2509 701 2547 caeca
716 2493 818 2562 cupido

145 2584 216 2637 quae
234 2568 348 2621 miseros
365 2568 488 2623 homines
506 2573 608 2638 cogmnt
624 2568 819 2623 transcendero
837 2569 904 2622 fines
974 2585 999 2623 co

145 2643 213 2697 iuris
231 2646 261 2698 ct
278 2644 417 2697 interdum
436 2645 523 2700 socios
541 2645 674 2700 scelerum
692 2648 776 2714 atque
793 2644 935 2699 ministros

145 2723 242 2775 noctes
258 2724 341 2789 atque
360 2720 418 2775 dies
435 2722 487 2775 niti
506 2726 664 2792 praestante
680 2722 775 2776 laboro

145 2796 182 2850 ad
200 2812 320 2850 summas
339 2813 479 2865 emergere
497 2814 571 2868 opes,
588 2797 655 2853 haec
672 2798 785 2852 minero
801 2797 875 2852 vitae

145 2889 200 2925 non
217 2871 357 2926 minimam
375 2877 483 2942 partem
500 2875 597 2929 mortis
614 2873 759 2928 formidine
777 2874 894 2928 aluntur.

146 2948 238 3018 turpis
257 2948 329 3001 enim
347 2949 432 3003 serrae
450 2954 623 3020 contemmus
641 2955 671 3004 et
689 2950 759 3002 acris
777 2953 886 3016 egestus
974 2963 1000 3001 os

147 3027 253 3078 semota
270 3024 305 3077 ab
324 3026 397 3079 dulci
415 3025 473 3078 rita
491 3026 637 3091 stabilique
654 3025 783 3091 videntur

146 3104 176 3155 et
194 3102 272 3169 quasi
291 3101 346 3153 iam
363 3100 413 3153 leti
431 3104 526 3169 portas
544 3099 697 3151 cunctarier
714 3100 795 3158 antc3

145 3176 221 3231 unde
238 3176 361 3230 bomiucs
379 3175 445 3227 dum
464 3191 494 3226 sc
511 3173 579 3225 salso
597 3173 704 3224 terrore
721 3168 809 3220 coacti
