2138 3404
398 453 429 509 Τ.
446 453 614 510 euenum
633 456 728 512 CARI

240 617 322 694 nn
362 621 582 697 annun
621 624 888 700 NATURA
990 726 993 729 ¹

401 811 530 861 LIBER
552 812 727 864 PRIMUS.

508 989 611 1022 -φ-

139 1174 303 1230 Aeneadum
320 1174 457 1243 genetrix,
474 1175 616 1230 huminum
632 1175 779 1246 divomque
796 1177 929 1246 voluptas,

137 1253 211 1306 alnra
230 1251 332 1314 Venus,
350 1252 418 1306 caeli
436 1252 533 1306 subter
552 1251 674 1306 labentia
691 1253 769 1320 signa

138 1344 211 1399 qnae
228 1344 303 1381 mure
322 1328 487 1396 navigerum,
506 1334 577 1396 qua'e
595 1332 685 1382 terras
702 1328 888 1396 frugiferentis

137 1403 322 1470 concelebras,
341 1420 391 1472 per
408 1407 438 1458 te
457 1405 585 1474 queniam
604 1420 691 1472 genus
708 1420 788 1458 omne
805 1404 972 1459 animantum

136 1480 291 1548 coneipitur
308 1480 425 1547 visitque
443 1484 570 1534 exertum
589 1480 692 1533 lumina
709 1480 781 1534 solis.
983 1493 997 1534 a

138 1562 177 1624 te,
195 1556 255 1625 dea,
272 1561 302 1611 te
319 1556 427 1624 fugiunt
446 1557 530 1625 venti,
548 1560 578 1611 te
595 1555 690 1610 nubila
705 1557 775 1611 caeli

138 1634 343 1701 adventumque
359 1637 447 1699 tuum,
465 1632 516 1686 tibi
534 1632 626 1687 suavis
644 1632 760 1687 daedala
776 1633 859 1689 tellus

140 1711 288 1766 summittit
306 1709 393 1777 lieres,
412 1709 465 1763 tibi
484 1709 578 1765 rident
597 1727 717 1780 aequora
734 1712 811 1780 penti

138 1790 331 1859 placatumque
348 1787 421 1841 nitet
439 1787 539 1840 diffuse
556 1787 658 1841 lumine
675 1788 788 1851 eaelum.

138 1883 203 1920 nam
221 1864 301 1918 simul
320 1881 351 1917 ae
370 1863 474 1932 speeies
496 1864 662 1932 patefactast
679 1882 764 1919 rerna
781 1866 836 1921 diei
881 1882 883 1885 ·
974 1879 999 1919 10

137 1947 169 1997 et
186 1944 310 1995 reserata
327 1940 402 2008 viget
423 1939 581 2007 genitabilis
599 1957 666 1994 aura
683 1942 781 2009 favoni,

138 2019 230 2074 aeriae
247 2018 365 2086 primum
386 2017 511 2072 volueres
530 2021 565 2084 te,
583 2018 655 2084 diva,
672 2021 806 2086 tuumque

139 2094 295 2163 significant
312 2093 410 2149 initum
430 2095 572 2164 perculsae
589 2094 673 2149 eorda
691 2099 738 2149 tua
756 2095 790 2148 ri.

93 2190 117 2223 rr
140 2171 206 2226 inde
223 2172 297 2225 ferae
314 2170 433 2240 pecudes
453 2171 608 2239 persultant
625 2171 725 2241 pabula
742 2171 814 2224 laeta

94 2264 118 2296 1⁴
132 2252 171 2303 et
188 2247 299 2318 rapidos
317 2250 429 2301 tranant
447 2247 548 2302 amnis:
566 2248 606 2301 ita
623 2250 705 2318 capta
721 2247 814 2316 lepore
977 2263 1000 2299 rs

141 2329 171 2379 te
189 2324 314 2393 sequitur
330 2322 429 2391 cupide
449 2340 503 2391 quo
524 2340 661 2393 quamque
678 2323 808 2377 inducere
825 2321 924 2391 pergis.

141 2401 261 2470 (lenique
278 2417 328 2470 per
346 2401 433 2454 maria
455 2417 486 2455 ae
505 2402 606 2455 mentis
623 2401 773 2470 fluviosque
790 2401 896 2470 rapacis

140 2477 359 2546 frondiferasque
378 2477 473 2530 dames
493 2478 584 2531 avium
602 2493 766 2547 camposque
784 2477 898 2532 virentis

141 2554 268 2608 omnibus
285 2554 419 2608 incutiens
438 2552 569 2607 blandum
591 2570 641 2624 per
657 2558 771 2622 pectora
787 2570 908 2608 amorem

141 2631 227 2685 efficis
243 2635 277 2686 ut
294 2629 392 2701 cupide
411 2633 565 2699 generatim
586 2632 675 2686 saecla
692 2636 851 2703 propagent
977 2645 1002 2684 20

142 2722 215 2777 qnae
232 2709 360 2777 queniam
378 2725 470 2762 rerum
491 2714 618 2763 naturam
637 2710 694 2764 sula
711 2709 848 2778 gubernas

142 2801 194 2840 nee
211 2785 317 2839 sinete
335 2785 480 2854 quiequam
500 2785 559 2840 dias
577 2786 606 2839 in
625 2786 734 2840 luminis
752 2802 814 2839 eras

144 2859 269 2915 exoritur
286 2877 376 2930 neque
394 2862 426 2916 fit
444 2861 546 2916 laetum
565 2879 655 2931 neque
674 2861 790 2916 amabile
808 2861 961 2930 quiequam,

144 2941 175 2992 te
192 2936 293 2992 sedam
310 2936 409 2991 studeo
427 2937 580 2992 scribendis
599 2937 721 2991 versibus
739 2953 799 2990 esse

146 3029 216 3082 quus
233 3029 284 3080 ego
302 3012 339 3067 de
357 3030 449 3067 rerum
467 3017 566 3067 natura
583 3028 702 3080 pangere
722 3027 804 3065 eonor
978 3019 1002 3057 2⁵

147 3087 332 3144 Memmiadae
349 3093 444 3143 nestro
461 3104 543 3157 quem
560 3091 600 3155 tu,
618 3086 677 3153 dea,
695 3089 819 3152 tempere
836 3083 865 3136 in
883 3079 956 3133 omni

147 3164 272 3219 omnibus
290 3167 418 3219 ornatum
436 3163 546 3219 voluisti
564 3159 698 3216 excellere
715 3158 805 3213 rebus.
906 3221 916 3225 ..

155 3245 168 3288 ⁴
