2176 3404
90 48 147 106 176
484 47 534 104 Vr

85 151 236 221 conspicias
254 151 374 214 hominis,
392 151 474 205 utut
491 151 580 204 onnus
597 151 689 205 dicore
706 168 802 204 causas

85 227 230 282 conveniat
247 225 303 294 leti,
321 224 430 279 dicatur
447 231 480 280 ut
496 225 569 279 illius
587 242 647 279 rina.

86 321 150 357 nam
168 319 257 370 uoquc
274 319 337 356 cunr
354 301 427 356 ferro
444 318 495 355 nec
512 302 614 369 frigore
630 302 740 356 vincere
759 304 847 371 possis

84 380 220 434 interiisse
238 395 327 446 nequo
345 395 362 430 a
378 376 474 430 morbo
492 394 581 444 neque
596 378 672 435 rora
689 394 801 445 ueneno,

85 472 180 509 uerum
192 454 295 522 aliquid
305 468 406 519 genere
419 469 479 507 esse
490 470 525 507 cx
537 453 588 507 hoc
600 453 675 523 quod
686 455 802 523 contigit
814 456 840 509 ei
903 471 944 513 710

85 532 192 586 scimus.
209 531 277 584 item
295 529 323 581 iu
339 526 432 581 multis
449 530 501 584 hoc
519 530 602 584 rebus
619 530 712 585 dicere
728 530 868 587 habemus.

120 607 200 661 Nilus
216 606 244 660 in
262 607 395 659 aestatem
413 605 512 659 crescit
529 605 687 676 campisque
704 606 851 676 redundat,

85 683 181 737 unicus
197 683 225 735 in
242 681 325 735 terris
344 681 465 749 Aegypti
483 682 569 735 totius
586 682 681 736 amnia.

84 759 108 813 is
125 759 197 828 rigat
215 759 373 827 Aegyptum
391 757 511 811 medium
529 775 579 827 pcr
597 775 679 827 saepe
697 759 823 828 calorem,

84 839 133 888 aut
151 835 216 904 quia
232 838 297 888 sunt
314 836 420 887 aestate
438 833 579 902 aquilones
596 835 668 888 ostia
685 838 788 903 contra,
900 848 943 890 715

84 910 147 964 anni
164 914 289 978 tempore
306 926 339 963 co
357 909 404 977 qui
421 910 525 963 etesiae
542 927 603 964 esse
620 911 753 978 ferumtur,

84 992 114 1041 et
130 990 226 1041 contra
243 985 355 1039 fluvium
371 986 470 1040 flantes
488 989 662 1040 remorantur
679 990 709 1042 et
726 987 814 1041 undas

83 1067 212 1132 argentos
229 1079 323 1119 sursus
340 1062 449 1131 replent
465 1065 621 1132 coguntque
641 1080 758 1118 orauere.

84 1157 145 1193 uam
164 1139 247 1194 dubio
264 1139 358 1208 procul
376 1139 444 1192 hace
462 1138 577 1193 adverso
595 1139 682 1194 flabra
699 1140 825 1193 ferimtur

84 1216 201 1283 flumine,
218 1233 288 1286 quac
305 1215 405 1284 gelidis
423 1215 458 1268 ab
476 1215 563 1269 stellis
581 1216 641 1270 axis
658 1218 785 1283 aguntur.
898 1229 941 1270 720

82 1291 128 1346 ilic
146 1309 180 1346 ex
198 1292 327 1346 aestifera
344 1292 418 1360 parti
436 1291 512 1345 venit
529 1293 622 1351 amum,
634 1291 670 1344 ab
688 1295 790 1360 austro,

82 1367 154 1422 iuter
170 1369 249 1437 nigra
266 1367 355 1420 virum
373 1370 500 1436 percocto
517 1367 606 1421 saecla
623 1367 713 1421 colore

82 1445 208 1499 exoriens
225 1445 335 1514 penitus
353 1444 445 1497 media
462 1444 497 1497 ab
515 1444 626 1511 regione
643 1444 706 1498 diei.

82 1524 126 1574 cst
143 1537 251 1588 quoquo
267 1519 309 1573 uti
326 1521 413 1588 possit
429 1521 544 1588 magnus
561 1522 706 1588 congestus
723 1519 841 1574 harenae

82 1595 209 1650 fluctibus
226 1596 349 1650 adversis
367 1597 489 1666 oppilare
507 1596 577 1650 ostia
594 1599 697 1664 eontra,
896 1610 938 1651 725

82 1688 143 1725 curn
161 1689 236 1725 mare
252 1675 406 1740 permotum
423 1672 512 1726 ventis
529 1673 586 1726 ruit
602 1672 678 1726 intus
694 1672 824 1727 harenam
833 1694 840 1738 ;

81 1764 135 1815 quo
153 1748 185 1802 fit
203 1747 244 1801 uti
261 1751 342 1816 pacto
360 1748 429 1801 liber
446 1749 536 1801 minus
554 1749 644 1803 exitus
662 1749 735 1802 amni

81 1827 110 1876 ct
127 1823 253 1892 proclivia
271 1824 337 1877 item
355 1824 405 1877 fiat
421 1825 511 1878 minus
526 1823 647 1894 impctus
665 1824 751 1877 undis.

81 1900 113 1955 tit
131 1916 238 1969 quoque
255 1899 296 1953 uti
313 1899 421 1969 pluviae
438 1900 529 1955 forsan
547 1901 634 1969 magis
652 1900 688 1954 ad
706 1904 789 1969 caput
805 1901 832 1954 ei

80 1980 204 2046 tompore
222 1992 254 2030 eo
272 1976 345 2043 fiant
362 1976 436 2044 quod
453 1978 541 2032 etesia
558 1977 645 2030 flabra
662 1977 817 2046 aquilonum
894 1992 934 2032 rao

80 2051 171 2106 rrubila
188 2053 324 2106 coniciunt
340 2053 369 2106 in
387 2069 434 2106 eas
450 2057 516 2107 tunc
534 2054 625 2106 omnia
642 2052 735 2122 partis.

80 2129 183 2182 scilicet
201 2126 237 2181 ad
254 2128 374 2182 mediam
391 2128 530 2196 regionem
549 2129 636 2183 eiecta
654 2129 708 2183 diei

79 2221 141 2258 curu
159 2207 350 2272 convenerunt,
367 2205 406 2258 ibi
424 2205 460 2258 ad
477 2206 548 2259 altos
566 2204 685 2274 denique
702 2205 804 2260 montis

78 2285 221 2335 coutumae
239 2281 325 2334 nubes
343 2284 478 2349 coguntur
494 2281 574 2351 rique
592 2284 762 2350 premuntur.
828 2337 831 2343 ,

78 2358 190 2410 forsitan
209 2357 376 2426 Aethiopum
392 2358 502 2426 penitus
520 2357 555 2411 de
573 2357 711 2412 montibus
728 2358 810 2411 altis
893 2372 932 2414 7³5

78 2437 189 2500 crescat,
207 2432 255 2486 ubi
272 2433 300 2486 iu
318 2450 428 2504 campos
445 2434 521 2488 albas
539 2434 706 2488 descendere
724 2434 839 2502 ningues

77 2509 194 2562 tabificis
213 2509 315 2578 subigit
333 2511 418 2563 radiis
436 2510 475 2563 sol
493 2511 584 2564 omnia
601 2510 727 2579 lustrans.
772 2574 774 2579 γ
851 2576 854 2580 Α

112 2584 138 2637 N
139 2602 193 2638 uno
202 2602 261 2653 age,
270 2589 382 2641 Averna
390 2586 441 2640 tibi
451 2603 521 2654 quae
531 2587 585 2655 siut
594 2585 653 2640 loca
662 2603 778 2656 cumque
786 2587 917 2657 laeuaque

76 2660 228 2726 expediam,
247 2662 320 2726 quali
338 2667 438 2716 natura
454 2662 581 2731 praedita
599 2667 732 2718 constent.

76 2733 216 2815 principio,
233 2750 287 2800 quo
306 2739 417 2789 Averna
434 2742 567 2791 uocantur
584 2739 700 2806 nomine,
717 2738 747 2791 id
764 2738 799 2792 ab
817 2754 849 2793 re
890 2752 928 2795 740

75 2806 256 2873 inpositumet,
273 2810 343 2875 quia,
354 2815 418 2863 sunt
435 2812 529 2865 aribus
547 2815 683 2867 contraria
700 2814 803 2868 cunctis

76 2890 91 2922 e
109 2878 218 2958 regione
236 2896 269 2931 ea
287 2883 362 2948 quod
379 2884 439 2938 loca
456 2903 518 2939 cum
537 2904 637 2941 venere
654 2890 784 2957 volantes,

75 2950 172 3015 f⁰m¹gi
189 2950 290 3004 oblitae
307 2970 457 3019 pennarum
475 2962 536 3015 vela
552 2964 699 3017 remittunt

75 3020 292 3094 praecipitesque
309 3029 412 3084 cadunt
429 3035 504 3086 molli
522 3037 626 3090 cervice
643 3038 770 3105 profusae

75 3100 102 3134 in
121 3089 229 3154 terram,
248 3097 270 3144 si
288 3098 359 3152 sorte
375 3102 415 3155 itu
432 3107 485 3158 fert
503 3114 600 3161 natura
617 3110 745 3178 locorum,
888 3130 925 3172 745
