2176 3404
153 232 194 285 sie
214 230 301 299 igitur
319 233 379 285 tum
397 247 427 286 se
444 232 512 286 levis
528 248 561 285 aa
578 231 705 284 diffirsilis
721 231 819 285 aetlier
876 236 879 245 ’
919 231 923 238 “

154 323 272 376 corpere
291 310 417 361 concrete
436 307 621 361 circumdatus
638 307 759 376 undique
770 306 855 374 fleuit

154 386 185 437 et
202 384 260 437 late
280 383 392 436 diffusus
410 383 438 436 in
457 384 543 438 onmis
560 384 681 453 undique
699 385 786 452 partis

154 460 247 513 onmia
265 460 304 513 sie
322 460 402 513 avide
420 460 565 529 complexu
583 464 676 515 cetera
693 460 802 530 saepsit
974 474 1011 515 470

154 536 230 590 hunc
249 535 361 590 exordia
380 540 444 590 sunt
462 536 525 591 selis
543 537 676 606 lunaeque
694 539 794 604 secuta,

154 613 347 683 interutraque
366 612 440 681 globi
458 629 573 682 querum
591 615 737 668 vertuntur
755 612 783 666 in
802 612 890 677 auris;

156 707 229 759 quae
246 706 334 758 neque
352 701 429 743 terra
446 689 499 742 sibi
516 689 631 743 adscivit
649 707 699 744 nec
717 689 852 743 maximus
869 689 973 758 aether,

156 767 232 837 qued
250 783 340 835 neque
357 769 414 820 tam
424 766 544 820 ’fuerunt
561 767 655 835 gravia
671 770 704 820 ut
722 767 852 835 depressa
869 768 1005 833 sederent,

155 858 207 896 nee
225 842 345 896 leviant
362 846 474 911 possent
492 860 541 911 per
560 859 678 896 summas
696 843 783 897 labier
801 860 869 910 eras,
974 857 1009 898 475

156 921 186 972 et
204 921 296 972 tanim
314 918 505 988 interutraque
521 920 564 973 ita
581 924 645 974 sunt
663 923 694 974 ut
712 936 826 988 corpora
843 920 905 974 riva

156 999 267 1049 versent
284 998 317 1049 et
331 999 425 1064 partes
443 999 475 1048 ut
493 996 588 1049 mundi
605 996 691 1050 tetius
709 1000 820 1063 extent3

156 1072 231 1141 quod
248 1089 334 1140 genus
351 1072 381 1125 in
399 1071 476 1126 nobis
495 1072 631 1141 quaedam
649 1073 714 1127 lieet
731 1073 761 1126 in
778 1074 896 1129 statione

155 1148 280 1202 membra
296 1165 415 1218 manere,
433 1152 526 1202 tamen
544 1166 604 1202 cum
623 1150 677 1203 sint
695 1167 728 1203 ea
745 1166 816 1219 quae
833 1155 1001 1205 meveantur.

155 1224 198 1277 his
216 1224 301 1292 igitur
318 1225 400 1279 rebus
418 1226 545 1278 retractis
563 1230 639 1279 terra
656 1229 778 1294 repente,
971 1243 1008 1281 aee

155 1317 285 1355 nraxuma
302 1318 357 1369 qua
374 1318 445 1355 nune
463 1318 493 1354 se
511 1301 590 1369 ponti
607 1302 689 1370 plaga
706 1302 815 1356 caerula
831 1303 929 1372 tendit,

155 1377 273 1431 succidit
291 1382 320 1433 et
338 1377 408 1431 salse
427 1378 541 1431 suffudit
558 1379 669 1446 gurgite
687 1379 781 1434 iussas.

154 1454 238 1523 inque
257 1453 316 1507 dies
334 1457 437 1522 quante
456 1453 559 1507 circum
578 1455 664 1523 magis
683 1455 803 1509 aetheris
820 1460 914 1511 aestus

154 1533 184 1584 et
202 1530 273 1584 radii
291 1529 356 1583 selis
375 1531 511 1597 cogebant
528 1530 651 1599 undique
669 1534 771 1585 terram

154 1606 315 1661 verberibus
332 1607 435 1661 crebris
453 1611 577 1660 extrema
594 1607 631 1659 ad
648 1607 742 1661 limina
758 1608 791 1662 in
809 1612 909 1678 artum,
970 1624 1006 1665 485

153 1683 183 1737 iu
201 1684 293 1737 medie
311 1687 343 1737 ut
360 1683 490 1753 propulsa
507 1700 556 1736 sue
574 1684 711 1738 condensa
729 1685 822 1751 eoiret

154 1764 213 1814 tam
230 1761 317 1828 inagis
335 1777 481 1829 expressus
499 1760 586 1813 salsus
605 1761 640 1814 de
658 1776 770 1829 corpere
787 1762 872 1817 sudor

154 1836 276 1905 augebat
292 1853 368 1889 mare
385 1836 521 1889 manando
539 1852 703 1906 camposque
721 1839 848 1907 natantis,

154 1917 184 1968 ct
202 1917 281 1966 tante
299 1912 386 1980 magis
404 1912 452 1965 illa
468 1913 541 1966 foras
560 1912 651 1966 elabsa
669 1912 796 1968 velabant

153 2002 268 2058 corpora
284 1988 372 2043 multa
388 1989 497 2058 raperis
515 1993 544 2043 et
562 1991 632 2043 aeris
650 1990 760 2059 altaque
777 1992 844 2047 caeli
972 2011 1008 2050 ssa

153 2065 306 2119 densabant
323 2066 417 2134 procul
434 2082 451 2119 a
467 2065 551 2120 terris
567 2065 701 2134 fulgentia
717 2068 827 2134 templa

153 2141 281 2196 sidebant
298 2143 394 2211 campi,
413 2142 573 2196 crescebant
591 2142 730 2197 montibus
748 2142 811 2197 altis

152 2235 295 2284 aseensus3
312 2235 402 2288 neque
421 2219 493 2272 enim
510 2221 640 2287 poteraut
657 2218 799 2275 subsidere
812 2238 883 2277 ‘saxa

152 2308 203 2348 nec
219 2295 325 2364 pariter
342 2296 504 2349 tantundem
523 2312 618 2350 omnes
636 2295 812 2350 succumbere
829 2300 924 2367 partis.

189 2371 234 2425 Sic
251 2371 336 2439 igitur
353 2374 446 2425 terrae
464 2376 590 2426 concreto
608 2389 722 2441 corpore
739 2373 845 2442 pondus
970 2382 1010 2430 aas

152 2448 277 2502 constitit
295 2452 379 2517 atque
398 2448 485 2502 onmis
502 2448 598 2501 muudi
616 2448 694 2517 quasi
713 2448 793 2502 limus
811 2450 838 2502 iu
856 2450 939 2504 imum

153 2523 287 2578 confluxit
303 2525 394 2593 gravis
412 2530 443 2579 et
460 2525 585 2578 subsedit
603 2524 727 2579 funditus
745 2529 776 2579 ut
793 2526 871 2591 faex3

152 2600 219 2653 inde
237 2617 313 2654 mare
326 2601 396 2655 inde
413 2619 461 2655 aer
479 2601 544 2655 inde
561 2601 658 2655 aether
676 2602 775 2670 ignifer
792 2605 851 2672 ipse

152 2670 311 2745 coiqroribus
328 2678 438 2746 liquidis
457 2682 521 2732 sunt
539 2679 629 2731 omnia
645 2695 715 2748 pura
733 2678 835 2746 relicta,

152 2756 182 2806 et
200 2752 303 2807 leviora
321 2754 381 2807 aliis
398 2753 459 2822 alia,
478 2759 508 2808 et
524 2753 723 2823 liquidissimus
741 2754 837 2808 aether
969 2771 1006 2811 ece

151 2831 236 2898 atque
253 2829 405 2884 levissimus
423 2831 511 2884 aerias
528 2846 610 2899 super
627 2830 718 2884 influit
734 2846 821 2898 auras,

150 2921 202 2959 nec
218 2904 353 2974 liquidum
371 2922 469 2975 cerpus
487 2905 662 2961 turbantibus
680 2905 751 2959 aeris
768 2907 841 2960 auris

151 2982 324 3049 commiseet;
342 2983 407 3037 sinit
424 2982 491 3035 haec
508 2982 634 3036 violentis
652 2979 743 3035 emnia
760 2982 830 3034 verti

151 3057 316 3123 turbinibus,
335 3059 399 3111 sinit
417 3057 530 3115 incertis
547 3056 660 3109 turbare
677 3056 809 3122 procellis,

150 3133 211 3203 ipse
230 3148 293 3187 sues
310 3133 382 3200 ignis
400 3135 476 3185 certe
493 3131 549 3182 fert
567 3130 670 3197 impete
688 3128 788 3181 labens.
967 3145 1003 3183 ees

150 3224 215 3263 nam
233 3208 340 3262 medice
357 3207 443 3258 fluere
461 3205 546 3269 atque
562 3218 616 3254 uno
626 3218 713 3269 *pesse
731 3201 849 3254 aethera·
861 3201 922 3254 nisu
