2176 3404
99 85 136 142 42
489 81 519 137 V

76 86 112 243 <lex
130 180 327 256 alioquessslius
344 158 799 314 εωιιῇθιοῖῃρὶοωηίοίᾱὼοὺ,

76 280 128 319 nec
145 266 238 317 manet
255 262 311 316 ullu
329 262 370 316 sui
388 262 411 315 si
440 262 484 314 rlis
501 277 559 315 res:
595 261 668 314 mnia
686 261 814 329 migrant,
896 277 937 317 eso

77 340 167 393 omnia
185 342 335 393 commutat
353 324 498 405 natur-Cet
516 339 625 391 vertere
642 337 721 404 cogit.
930 329 936 338 ’

76 415 281 485 namqunsliut
298 414 432 483 putrescit
451 416 480 468 et
496 429 563 467 aevo
581 412 673 466 debile
691 413 812 481 languet,

77 509 160 561 porro
177 491 246 546 aliut
264 491 390 545 clarescit
408 494 437 544 ct
455 506 469 544 e
487 489 690 558 contemptibus
707 490 772 544 erit.

77 570 117 622 sic
135 568 220 638 igitur
236 567 331 620 mundi
349 569 476 619 natmnm
497 566 582 619 totius
599 568 676 619 aetus

77 648 168 700 mutat
185 648 214 698 et
231 660 266 698 cx
284 643 337 697 alio
355 645 460 696 terram
478 644 567 696 status
585 641 689 711 excipit
705 641 783 710 ulter,
897 659 937 698 ess

77 721 152 789 quod
169 724 235 789 pote
253 720 294 774 uti
311 721 439 788 nequeat,
456 719 543 787 possit
561 717 635 787 quod
652 734 706 773 non
724 719 788 772 tulit
806 722 877 775 ante.

112 796 256 865 Multaque
274 800 333 850 tum
351 795 433 849 telius
450 795 681 865 etiarnportenta
698 811 792 849 creare

76 875 202 937 conatast
219 872 288 926 miro
306 872 375 925 facie
393 872 578 940 membrisque
596 874 696 937 coorta,

78 948 466 1017 androgyrruruinterutraque
474 965 524 1002 nec
532 949 777 1016 utmm,utrimquc
785 953 935 1019 remotum,

77 1024 146 1078 orba
162 1025 265 1093 pedum
282 1024 392 1091 partim,
409 1041 538 1077 manuum
558 1023 670 1077 viduata
687 1024 812 1092 vicissim,
894 1041 935 1081 eso

77 1105 155 1155 muta
173 1101 230 1155 sinc
248 1116 295 1154 ore
313 1099 403 1163 ctiam,
422 1100 480 1152 sinc
499 1100 574 1153 voltu
591 1115 672 1153 caeca
689 1104 808 1169 reperta,

78 1178 223 1246 vinctaque
241 1176 426 1231 membrorum
443 1192 494 1245 per
511 1179 601 1229 totum
620 1192 717 1245 corpus
735 1176 865 1245 adhaesa,
931 1225 934 1231 ,

77 1271 128 1307 uec
146 1254 235 1308 lacere
252 1256 285 1307 ut
301 1256 414 1322 possent
431 1253 578 1322 quicquam
596 1269 648 1307 nce
665 1253 764 1307 cedere
781 1271 920 1322 quoquam

76 1348 127 1384 nec
145 1331 233 1385 vitare
251 1330 352 1383 malum
370 1346 420 1383 nec
439 1346 547 1383 sumere
565 1330 641 1397 quod
657 1330 729 1384 forst
746 1346 820 1384 usus.

76 1410 170 1461 cetera
182 1407 217 1460 de
228 1423 329 1475 genere
342 1406 393 1460 hoc
404 1409 527 1459 monstra
539 1421 570 1459 nc
582 1409 710 1474 portenta
722 1405 840 1475 creabat,
892 1421 933 1461 eso

76 1484 249 1551 nequiquam,
268 1482 395 1551 quoniam
412 1485 512 1535 natura
528 1481 679 1536 absterruit
696 1486 808 1537 suctum

77 1575 128 1612 noc
146 1563 262 1628 potuere
279 1560 402 1628 cupitum
419 1558 519 1612 aetatis
536 1561 651 1626 tangere
668 1559 763 1612 florem

77 1652 128 1690 nec
146 1637 267 1704 reperire
285 1635 375 1689 cibum
392 1651 443 1688 nec
461 1634 537 1702 iungi
555 1650 605 1701 per
624 1635 741 1689 Veneris
759 1651 810 1689 res.

76 1712 164 1766 inulta
180 1713 305 1766 videmus
323 1712 395 1765 onim
413 1710 495 1764 rebus
512 1727 675 1765 concurrere
693 1710 801 1778 debere,

76 1792 108 1841 nt
125 1787 301 1856 propagando
318 1788 425 1855 possint
442 1788 595 1856 procudere
613 1788 715 1854 saecla;
891 1801 933 1839 sco

76 1862 177 1932 pabula
193 1864 312 1933 primum
330 1866 362 1917 ut
380 1864 442 1931 sint,
459 1863 589 1930 genitalia
607 1863 707 1917 deinde
725 1880 775 1932 per
791 1866 869 1917 artus

76 1939 180 1992 senrina
197 1956 251 2008 qua
268 1940 373 2008 possint
390 1939 519 1992 membris
537 1955 648 1992 nranare
666 1940 793 2004 remissn;

76 2016 231 2084 feminaque
248 2019 281 2069 ut
298 2015 418 2070 maribus
436 2015 561 2083 coniungi
579 2016 673 2084 possit,
691 2015 793 2069 habero

76 2096 173 2146 mutua
191 2092 238 2161 qui
255 2095 364 2146 mutent
381 2093 453 2146 inter
471 2108 501 2145 se
518 2091 619 2159 gaudis
637 2094 737 2160 uterqu

111 2169 254 2238 Multaque
260 2172 320 2224 tum
327 2168 463 2222 interiisse
470 2168 637 2221 animantum
646 2097 881 2239 saecloque-{Just
891 2183 932 2222 sun

76 2263 126 2300 nec
144 2247 264 2315 potuisse
282 2244 458 2314 propagando
475 2244 628 2314 procudere
646 2244 759 2314 prolem.

76 2339 139 2376 nam
158 2338 343 2391 quaecumque
361 2321 437 2374 vides
455 2321 528 2374 vesci
544 2320 673 2375 vitalibus
691 2321 772 2388 nuris,

75 2403 124 2453 nut
141 2398 220 2451 dolus
238 2400 286 2450 aut
303 2397 390 2451 virtus
408 2400 455 2451 aut
474 2397 593 2467 denique
610 2397 747 2459 mobilitas
764 2400 809 2451 est

75 2492 111 2528 cx
127 2477 238 2529 ineunte
256 2490 426 2542 nevogeuus
442 2473 473 2526 id
489 2474 747 2533 tutatatresdrvans.

76 2551 217 2619 multaque
235 2555 306 2618 sunt,
323 2549 400 2602 nobis
418 2566 453 2602 ex
470 2549 590 2602 utilitate
608 2542 657 2603 sua
674 2565 744 2617 qnae
891 2561 934 2602 eoo

76 2626 267 2681 commendata
284 2629 402 2693 manent,
420 2625 525 2679 tutelae
542 2625 647 2679 tradito
663 2629 780 2680 nostrae.

75 2704 208 2773 principio
225 2719 312 2770 genus
330 2719 392 2755 acre
410 2702 517 2755 leonum
536 2718 669 2770 sacraque
688 2701 778 2755 saecla

76 2783 194 2832 tutatast
211 2779 305 2843 virtus,
324 2777 417 2845 volpes
435 2777 514 2830 dolus
532 2782 560 2831 et
577 2778 642 2846 iuga
660 2793 762 2831 corvos.

76 2855 106 2902 ot
123 2852 270 2902 levisomna
287 2868 383 2904 cunum
401 2852 457 2904 fido
475 2870 536 2905 cum
555 2858 667 2921 pectore
686 2854 771 2907 eorda

74 2928 104 2976 ct
120 2938 206 2987 genus
224 2940 303 2977 omne
321 2926 394 2991 quod
412 2931 455 2979 est
472 2929 594 2981 veterino
611 2930 713 2983 semine
730 2932 841 2999 partum
893 2944 932 2983 cot

75 2995 266 3061 lanigeraeque
285 2999 364 3050 simul
382 3001 503 3067 pecudes
521 3007 550 3056 et
568 3004 669 3057 bucera
686 3005 776 3058 saecla

75 3067 165 3116 onmia
181 3071 246 3119 sunt
262 3069 401 3124 hominurn
418 3076 522 3130 tutelae
539 3079 650 3146 tradita,
668 3080 789 3134 Memmi.

74 3151 137 3187 num
155 3139 253 3202 cupido
270 3141 366 3206 fugere
382 3146 455 3200 feras
471 3167 622 3220 pacemque
638 3158 734 3208 secuto
