2176 3404
557 96 589 157 V
938 100 996 164 127

138 201 182 256 cui
198 202 310 256 tantum
327 198 356 255 in
372 200 431 256 vita
447 204 536 257 restet
552 204 672 258 transire
689 204 829 260 malorum.

139 281 169 332 at
187 278 281 332 variae
298 281 426 332 crescunt
443 279 564 347 pecudes
581 284 707 334 armenta
721 280 851 350 feraeque

138 371 189 407 nec
207 353 381 423 crepitacillis
399 371 468 423 opus
485 357 528 409 est
545 371 596 411 nee
613 355 739 424 cuiquam
756 357 939 414 adhibendast

137 430 227 483 almae
244 430 358 485 nutricis
376 430 478 484 blanda
494 435 577 500 atque
594 432 711 487 intracia
727 433 846 500 loquella
958 446 996 491 sse

136 523 189 561 nee
206 506 296 560 varias
313 510 448 574 quaertmt
465 509 556 561 vestas
574 524 625 577 pre
642 511 767 578 tempore
784 507 860 577 caeli,

138 582 259 652 denique
276 600 330 636 non
348 582 432 636 armis
449 600 517 653 opus
535 588 585 650 est,
602 601 656 639 non
673 585 815 639 moenibus
831 583 904 656 altis,

137 659 186 728 qui
204 675 254 712 sua
270 662 404 727 tutentur,
423 660 531 728 quando
549 659 675 713 omnibus
693 661 783 715 omnia
799 662 876 731 large

136 733 221 789 tellus
238 735 298 805 ipsa
315 737 388 806 parit
404 740 557 805 naturaque
575 735 691 790 daedala
708 737 819 807 rerum]

176 810 313 882 Principio
332 811 458 880 queniam
475 812 561 866 terrai
579 808 678 881 cbrpus
697 815 726 867 et
743 756 892 958 ummJ:
961 827 997 868 aas

139 903 325 956 aurarumque
343 888 418 942 leves
435 888 541 942 animae
559 888 694 958 calidique
711 904 827 959 sapores

137 980 155 1016 e
173 962 272 1032 quibus
289 964 357 1018 haec
374 981 466 1018 rerum
485 965 635 1019 consistere
653 981 758 1019 summa
774 965 892 1034 videtur,

137 1040 231 1093 emnia
247 1041 339 1094 nativo
356 1057 389 1094 ac
405 1041 515 1095 mortali
533 1057 647 1110 corpere
664 1044 796 1108 conatam,

138 1115 226 1170 debet
243 1117 339 1171 eodem
357 1118 444 1171 omnis
461 1117 557 1171 mundi
574 1121 673 1171 natura
689 1119 787 1187 putari.

136 1192 241 1262 quippe
253 1194 354 1247 etenim
368 1210 483 1263 quorum
495 1193 583 1264 partis
596 1198 625 1248 et
636 1193 760 1247 membra
771 1194 896 1249 videmus
956 1208 993 1248 ase

135 1284 251 1338 corpore
268 1269 361 1323 native
378 1287 410 1324 ac
427 1269 589 1323 mortalibus
606 1286 666 1324 esse
683 1269 786 1338 figuris,

134 1344 205 1399 haec
223 1345 318 1399 cadem
335 1346 423 1400 ferme
440 1346 567 1400 mortalia
583 1347 720 1400 cemimus
736 1362 796 1400 csse

134 1427 166 1474 et
182 1422 276 1475 nativa
292 1422 379 1475 simul.
398 1426 567 1491 quapropter
584 1423 702 1475 maxima
719 1421 813 1476 mimdi

135 1513 199 1551 cum
217 1497 324 1551 videam
342 1497 465 1552 membra
482 1515 514 1552 ac
532 1499 619 1568 partis
637 1501 798 1568 cousumpta
814 1498 928 1567 regigni,

135 1573 206 1627 scire
223 1573 289 1628 lieet
306 1574 374 1628 caeli
393 1590 502 1644 quoque
519 1574 587 1628 item
604 1576 751 1642 terraeque
768 1573 852 1628 fuisse
954 1590 990 1628 aa

134 1648 297 1720 principiale
315 1649 426 1718 aliquod
443 1654 553 1720 tempus
571 1650 730 1718 clademque
746 1649 875 1704 futuram.
896 1644 948 1711 524

36 1771 44 1781 ,
171 1725 247 1779 Illud
262 1725 291 1780 in
307 1725 351 1779 bis
369 1726 450 1780 rebus
467 1742 502 1780 ue
519 1726 682 1795 corripuisse
699 1725 786 1780 rearis

134 1819 181 1857 me
198 1800 273 1869 mihi,
291 1803 366 1871 qued
383 1806 485 1856 terram
504 1806 588 1870 atqua
606 1802 697 1870 ignem
714 1801 840 1857 mortalia
856 1802 959 1873 sumpsi

133 1894 196 1932 esse
212 1895 302 1947 neque
319 1894 442 1931 umorem
461 1878 584 1932 dubitari
602 1894 737 1947 aurasque
753 1878 845 1947 perire

133 1958 219 2023 atque
236 1953 334 2008 cadem
352 1954 427 2021 gigni
446 1971 594 2023 rursusque
612 1970 759 2022 augescere
776 1954 841 2023 dixi,
952 1968 989 2010 net

133 2030 268 2100 principie
284 2047 350 2100 pars
367 2030 452 2083 terrai
469 2030 604 2098 nonnulla,
622 2034 735 2101 perusta

132 2105 236 2161 solibus
253 2106 382 2175 adsiduis,
399 2106 487 2161 multa
503 2107 611 2175 pulsata
627 2107 729 2177 pedum
746 2103 782 2174 ri,

132 2182 254 2252 pulveris
272 2183 383 2239 exhalat
400 2182 529 2237 nebulam
545 2183 685 2251 nubesque
703 2181 819 2236 volantis

133 2275 203 2328 quas
220 2259 304 2313 validi
321 2262 381 2313 teto
399 2259 560 2328 dispcrgrmt
577 2276 641 2314 aere
657 2258 739 2312 venti.

132 2351 198 2404 pars
215 2336 298 2389 etiam
316 2334 457 2402 glebarum
474 2336 511 2389 ad
529 2336 658 2389 diluviem
675 2338 819 2389 revocatur
952 2349 989 2389 aas

132 2410 267 2465 imbribus
284 2415 314 2464 et
330 2411 404 2480 ripas
421 2410 547 2465 radentia
563 2412 674 2465 flumina
691 2411 800 2464 rodunt.

133 2491 278 2558 praeterea
293 2504 345 2557 pro
362 2491 442 2556 parte
460 2503 515 2554 sua,
534 2488 725 2557 quodcumque
742 2487 798 2540 alid
815 2488 906 2555 auget,

132 2564 276 2630 redditur;
293 2566 323 2617 et
340 2564 467 2633 quoniam
485 2563 569 2618 dubie
586 2563 681 2634 procul
699 2580 759 2617 essa
776 2563 888 2617 videtur

133 2640 308 2709 omniparens
325 2639 422 2693 cadem
440 2656 532 2694 rerum
550 2656 693 2694 commune
711 2638 874 2708 sepulcrum,

133 2731 200 2784 ergo
218 2719 294 2770 terra
311 2715 363 2769 tibi
381 2715 482 2770 libatur
499 2720 529 2771 et
545 2721 626 2771 aucta
643 2715 780 2769 recrescit.
948 2728 984 2769 aaa

169 2791 250 2857 Quod
267 2796 399 2861 superest,
416 2808 512 2846 umore
528 2810 598 2847 novo
616 2807 692 2846 mare
710 2789 821 2844 flumina
836 2788 927 2846 fontes

132 2885 243 2938 semper
260 2867 401 2922 abundare
418 2873 447 2923 et
464 2869 561 2924 latices
578 2884 688 2923 rnanare
705 2864 834 2935 perennis

131 2944 170 2999 nil
188 2960 258 3013 epus
274 2949 318 2999 est
335 2944 440 2999 verbis:
456 2962 571 3013 magnus
589 2945 722 2999 decursus
739 2956 872 3011 aquarum

131 3021 255 3090 undique
272 3020 403 3075 declarat.
420 3021 470 3074 sed
487 3022 606 3087 primum
624 3018 754 3085 quiequid
771 3019 852 3085 aquai

131 3097 240 3153 tollitur
256 3096 285 3151 in
302 3112 462 3163 summaque
479 3096 512 3147 fit
528 3097 560 3147 ut
577 3094 616 3146 nil
632 3109 710 3145 umor
726 3091 856 3160 abundet,
948 3104 984 3142 ass

130 3173 235 3245 partim
251 3172 327 3242 quod
343 3170 426 3224 validi
444 3170 585 3222 verrentes
601 3180 721 3233 aequora
736 3163 811 3219 venti
