<?xml version="1.0" encoding="UTF-8"?>
<!DOCTYPE html PUBLIC "-//W3C//DTD XHTML 1.0 Transitional//EN"
    "http://www.w3.org/TR/xhtml1/DTD/xhtml1-transitional.dtd">
<html xmlns="http://www.w3.org/1999/xhtml" xml:lang="en" lang="en">
 <head>
  <title>
</title>
<meta http-equiv="Content-Type" content="text/html;charset=utf-8" />
  <meta name='ocr-system' content='tesseract 3.04.00' />
  <meta name='ocr-capabilities' content='ocr_page ocr_carea ocr_par ocr_line ocrx_word'/>
</head>
<body>
  <div class='ocr_page' id='page_1' title='image "./tlucreticarider08munrgoog_0134.png"; bbox 0 0 2190 3398; ppageno 0'>
   <div class='ocr_carea' id='block_1_1' title="bbox 124 118 1002 296">
    <p class='ocr_par' dir='ltr' id='par_1_1' title="bbox 124 118 1002 296">
     <span class='ocr_line' id='line_1_1' title="bbox 549 118 1002 178; baseline -0.002 0"><span class='ocrx_word' id='word_1_1' title='bbox 549 121 603 178; x_wconf 83' lang='grc' dir='ltr'>ΙΙΙ</span> <span class='ocrx_word' id='word_1_2' title='bbox 963 118 1002 177; x_wconf 81' lang='lat'>85</span> 
     </span>
     <span class='ocr_line' id='line_1_2' title="bbox 124 222 743 296; baseline -0.008 -15"><span class='ocrx_word' id='word_1_3' title='bbox 124 236 130 241; x_wconf 86' lang='lat'>&#39;</span> <span class='ocrx_word' id='word_1_4' title='bbox 148 225 280 296; x_wconf 76' lang='lat' dir='ltr'>optineat,</span> <span class='ocrx_word' id='word_1_5' title='bbox 300 225 350 279; x_wconf 87' lang='lat' dir='ltr'>scd</span> <span class='ocrx_word' id='word_1_6' title='bbox 368 223 416 295; x_wconf 86' lang='lat' dir='ltr'>qui</span> <span class='ocrx_word' id='word_1_7' title='bbox 434 223 519 278; x_wconf 87' lang='lat' dir='ltr'>terrai</span> <span class='ocrx_word' id='word_1_8' title='bbox 537 223 623 278; x_wconf 88' lang='lat' dir='ltr'>totius</span> <span class='ocrx_word' id='word_1_9' title='bbox 640 222 743 289; x_wconf 86' lang='lat' dir='ltr'>orbem,</span> 
     </span>
    </p>
   </div>
   <div class='ocr_carea' id='block_1_2' title="bbox 70 297 1005 369">
    <p class='ocr_par' dir='ltr' id='par_1_2' title="bbox 70 297 1005 369">
     <span class='ocr_line' id='line_1_3' title="bbox 70 297 1005 369; baseline -0.006 -11"><span class='ocrx_word' id='word_1_10' title='bbox 70 340 73 345; x_wconf 65' lang='grc'>«</span> <span class='ocrx_word' id='word_1_11' title='bbox 148 321 203 358; x_wconf 88' lang='lat' dir='ltr'>non</span> <span class='ocrx_word' id='word_1_12' title='bbox 221 307 315 357; x_wconf 88' lang='lat' dir='ltr'>tamen</span> <span class='ocrx_word' id='word_1_13' title='bbox 332 300 475 355; x_wconf 71' lang='lat' dir='ltr'>aeternum</span> <span class='ocrx_word' id='word_1_14' title='bbox 492 300 596 369; x_wconf 88' lang='lat' dir='ltr'>poterit</span> <span class='ocrx_word' id='word_1_15' title='bbox 613 300 735 368; x_wconf 85' lang='lat' dir='ltr'>perferre</span> <span class='ocrx_word' id='word_1_16' title='bbox 753 297 875 353; x_wconf 84' lang='lat' dir='ltr'>dolorem</span> <span class='ocrx_word' id='word_1_17' title='bbox 969 312 1005 352; x_wconf 83' lang='lat' dir='ltr'>seo</span> 
     </span>
    </p>
   </div>
   <div class='ocr_carea' id='block_1_3' title="bbox 149 376 1006 3252">
    <p class='ocr_par' dir='ltr' id='par_1_3' title="bbox 149 376 1005 1964">
     <span class='ocr_line' id='line_1_4' title="bbox 149 376 909 448; baseline -0.009 -15"><span class='ocrx_word' id='word_1_18' title='bbox 149 397 200 435; x_wconf 89' lang='lat' dir='ltr'>nec</span> <span class='ocrx_word' id='word_1_19' title='bbox 217 380 352 448; x_wconf 84' lang='lat' dir='ltr'>praebere</span> <span class='ocrx_word' id='word_1_20' title='bbox 369 377 461 432; x_wconf 90' lang='lat' dir='ltr'>cibum</span> <span class='ocrx_word' id='word_1_21' title='bbox 479 377 590 447; x_wconf 89' lang='lat' dir='ltr'>proprio</span> <span class='ocrx_word' id='word_1_22' title='bbox 608 376 644 431; x_wconf 89' lang='lat' dir='ltr'>de</span> <span class='ocrx_word' id='word_1_23' title='bbox 662 392 775 444; x_wconf 88' lang='lat' dir='ltr'>corpore</span> <span class='ocrx_word' id='word_1_24' title='bbox 793 390 909 442; x_wconf 77' lang='lat' dir='ltr'>semper.</span> 
     </span>
     <span class='ocr_line' id='line_1_5' title="bbox 150 453 846 522; baseline -0.009 -12"><span class='ocrx_word' id='word_1_25' title='bbox 150 456 199 510; x_wconf 86' lang='lat' dir='ltr'>sed</span> <span class='ocrx_word' id='word_1_26' title='bbox 218 455 312 522; x_wconf 79' lang='lat' dir='ltr'><strong>Tityos</strong></span> <span class='ocrx_word' id='word_1_27' title='bbox 328 453 408 507; x_wconf 86' lang='lat' dir='ltr'>nobis</span> <span class='ocrx_word' id='word_1_28' title='bbox 425 453 470 507; x_wconf 90' lang='lat' dir='ltr'>hic</span> <span class='ocrx_word' id='word_1_29' title='bbox 488 456 538 521; x_wconf 86' lang='lat' dir='ltr'>est,</span> <span class='ocrx_word' id='word_1_30' title='bbox 556 454 584 507; x_wconf 90' lang='lat' dir='ltr'>in</span> <span class='ocrx_word' id='word_1_31' title='bbox 601 469 694 506; x_wconf 88' lang='lat' dir='ltr'>amore</span> <span class='ocrx_word' id='word_1_32' title='bbox 710 453 846 506; x_wconf 82' lang='lat' dir='ltr'>iacentem</span> 
     </span>
     <span class='ocr_line' id='line_1_6' title="bbox 151 528 927 600; baseline -0.005 -16"><span class='ocrx_word' id='word_1_33' title='bbox 151 548 233 600; x_wconf 88' lang='lat' dir='ltr'>quem</span> <span class='ocrx_word' id='word_1_34' title='bbox 251 530 374 585; x_wconf 84' lang='lat' dir='ltr'>volucres</span> <span class='ocrx_word' id='word_1_35' title='bbox 390 530 512 583; x_wconf 87' lang='lat' dir='ltr'>lacerent</span> <span class='ocrx_word' id='word_1_36' title='bbox 529 533 614 598; x_wconf 87' lang='lat' dir='ltr'>atque</span> <span class='ocrx_word' id='word_1_37' title='bbox 632 532 709 583; x_wconf 81' lang='lat' dir='ltr'>exest</span> <span class='ocrx_word' id='word_1_38' title='bbox 726 528 824 581; x_wconf 83' lang='lat' dir='ltr'>anxius</span> <span class='ocrx_word' id='word_1_39' title='bbox 841 543 927 596; x_wconf 85' lang='lat' dir='ltr'>angor</span> 
     </span>
     <span class='ocr_line' id='line_1_7' title="bbox 150 603 808 675; baseline -0.005 -14"><span class='ocrx_word' id='word_1_40' title='bbox 150 611 199 661; x_wconf 89' lang='lat' dir='ltr'>aut</span> <span class='ocrx_word' id='word_1_41' title='bbox 216 606 272 661; x_wconf 86' lang='lat' dir='ltr'>alia</span> <span class='ocrx_word' id='word_1_42' title='bbox 289 606 385 675; x_wconf 81' lang='lat' dir='ltr'>quavis</span> <span class='ocrx_word' id='word_1_43' title='bbox 403 603 532 658; x_wconf 86' lang='lat' dir='ltr'>scindunt</span> <span class='ocrx_word' id='word_1_44' title='bbox 549 604 702 673; x_wconf 80' lang='lat' dir='ltr'>cuppedine</span> <span class='ocrx_word' id='word_1_45' title='bbox 720 620 808 658; x_wconf 86' lang='lat' dir='ltr'>curae.</span> 
     </span>
     <span class='ocr_line' id='line_1_8' title="bbox 151 680 1005 753; baseline -0.007 -16"><span class='ocrx_word' id='word_1_46' title='bbox 151 682 282 753; x_wconf 82' lang='lat' dir='ltr'>Sisyphus</span> <span class='ocrx_word' id='word_1_47' title='bbox 299 683 329 735; x_wconf 94' lang='lat' dir='ltr'>in</span> <span class='ocrx_word' id='word_1_48' title='bbox 346 682 403 735; x_wconf 84' lang='lat' dir='ltr'>rita</span> <span class='ocrx_word' id='word_1_49' title='bbox 421 696 530 749; x_wconf 88' lang='lat' dir='ltr'>quoque</span> <span class='ocrx_word' id='word_1_50' title='bbox 549 680 627 734; x_wconf 87' lang='lat' dir='ltr'>nobis</span> <span class='ocrx_word' id='word_1_51' title='bbox 645 683 709 733; x_wconf 84' lang='lat' dir='ltr'>ante</span> <span class='ocrx_word' id='word_1_52' title='bbox 727 680 819 733; x_wconf 90' lang='lat' dir='ltr'>oeulos</span> <span class='ocrx_word' id='word_1_53' title='bbox 836 682 880 733; x_wconf 87' lang='lat' dir='ltr'>est</span> <span class='ocrx_word' id='word_1_54' title='bbox 967 691 1005 731; x_wconf 74' lang='lat' dir='ltr'>aas</span> 
     </span>
     <span class='ocr_line' id='line_1_9' title="bbox 151 755 864 829; baseline -0.003 -16"><span class='ocrx_word' id='word_1_55' title='bbox 151 759 198 829; x_wconf 91' lang='lat' dir='ltr'>qui</span> <span class='ocrx_word' id='word_1_56' title='bbox 215 761 313 828; x_wconf 88' lang='lat' dir='ltr'>petere</span> <span class='ocrx_word' id='word_1_57' title='bbox 330 774 348 811; x_wconf 89' lang='lat' dir='ltr'>a</span> <span class='ocrx_word' id='word_1_58' title='bbox 364 755 465 827; x_wconf 91' lang='lat' dir='ltr'>populo</span> <span class='ocrx_word' id='word_1_59' title='bbox 482 757 571 810; x_wconf 81' lang='lat' dir='ltr'>fasces</span> <span class='ocrx_word' id='word_1_60' title='bbox 588 773 738 825; x_wconf 84' lang='lat' dir='ltr'>saevasque</span> <span class='ocrx_word' id='word_1_61' title='bbox 755 773 864 811; x_wconf 85' lang='lat' dir='ltr'>secures</span> 
     </span>
     <span class='ocr_line' id='line_1_10' title="bbox 150 831 830 902; baseline -0.006 -13"><span class='ocrx_word' id='word_1_62' title='bbox 150 834 261 889; x_wconf 89' lang='lat' dir='ltr'>imbibit</span> <span class='ocrx_word' id='word_1_63' title='bbox 278 837 309 888; x_wconf 89' lang='lat' dir='ltr'>et</span> <span class='ocrx_word' id='word_1_64' title='bbox 326 850 435 902; x_wconf 88' lang='lat' dir='ltr'>semper</span> <span class='ocrx_word' id='word_1_65' title='bbox 452 832 541 886; x_wconf 84' lang='lat' dir='ltr'>rictus</span> <span class='ocrx_word' id='word_1_66' title='bbox 559 832 701 899; x_wconf 84' lang='lat' dir='ltr'>tristisque</span> <span class='ocrx_word' id='word_1_67' title='bbox 719 831 830 886; x_wconf 86' lang='lat' dir='ltr'>recedit</span> 
     </span>
     <span class='ocr_line' id='line_1_11' title="bbox 150 907 992 981; baseline -0.008 -16"><span class='ocrx_word' id='word_1_68' title='bbox 150 927 214 964; x_wconf 88' lang='lat' dir='ltr'>nam</span> <span class='ocrx_word' id='word_1_69' title='bbox 226 913 324 981; x_wconf 87' lang='lat' dir='ltr'>petere</span> <span class='ocrx_word' id='word_1_70' title='bbox 335 909 481 978; x_wconf 90' lang='lat' dir='ltr'>imperium</span> <span class='ocrx_word' id='word_1_71' title='bbox 493 907 568 977; x_wconf 89' lang='lat' dir='ltr'>quod</span> <span class='ocrx_word' id='word_1_72' title='bbox 579 908 687 962; x_wconf 85' lang='lat' dir='ltr'>inanest</span> <span class='ocrx_word' id='word_1_73' title='bbox 699 924 749 961; x_wconf 86' lang='lat' dir='ltr'>nec</span> <span class='ocrx_word' id='word_1_74' title='bbox 761 907 843 961; x_wconf 83' lang='lat' dir='ltr'>datur</span> <span class='ocrx_word' id='word_1_75' title='bbox 854 921 992 976; x_wconf 81' lang='lat' dir='ltr'>umqmur,</span> 
     </span>
     <span class='ocr_line' id='line_1_12' title="bbox 150 983 858 1055; baseline -0.004 -15"><span class='ocrx_word' id='word_1_76' title='bbox 150 990 237 1055; x_wconf 88' lang='lat' dir='ltr'>atque</span> <span class='ocrx_word' id='word_1_77' title='bbox 254 986 282 1039; x_wconf 90' lang='lat' dir='ltr'>in</span> <span class='ocrx_word' id='word_1_78' title='bbox 300 1002 333 1040; x_wconf 91' lang='lat' dir='ltr'>eo</span> <span class='ocrx_word' id='word_1_79' title='bbox 351 1001 460 1053; x_wconf 83' lang='lat' dir='ltr'>semper</span> <span class='ocrx_word' id='word_1_80' title='bbox 477 984 576 1038; x_wconf 88' lang='lat' dir='ltr'>durum</span> <span class='ocrx_word' id='word_1_81' title='bbox 595 983 711 1037; x_wconf 79' lang='lat' dir='ltr'>sufferre</span> <span class='ocrx_word' id='word_1_82' title='bbox 728 983 858 1052; x_wconf 85' lang='lat' dir='ltr'>laborem,</span> 
     </span>
     <span class='ocr_line' id='line_1_13' title="bbox 150 1058 1005 1115; baseline -0.004 0"><span class='ocrx_word' id='word_1_83' title='bbox 150 1061 203 1115; x_wconf 91' lang='lat' dir='ltr'>hoc</span> <span class='ocrx_word' id='word_1_84' title='bbox 220 1064 265 1115; x_wconf 84' lang='lat' dir='ltr'>est</span> <span class='ocrx_word' id='word_1_85' title='bbox 280 1061 397 1115; x_wconf 84' lang='lat' dir='ltr'>adverso</span> <span class='ocrx_word' id='word_1_86' title='bbox 414 1060 554 1114; x_wconf 77' lang='lat' dir='ltr'>nixantem</span> <span class='ocrx_word' id='word_1_87' title='bbox 572 1058 685 1113; x_wconf 88' lang='lat' dir='ltr'>trudere</span> <span class='ocrx_word' id='word_1_88' title='bbox 704 1063 796 1113; x_wconf 91' lang='lat' dir='ltr'>monte</span> <span class='ocrx_word' id='word_1_89' title='bbox 957 1072 1005 1113; x_wconf 82' lang='lat' dir='ltr'>roeo</span> 
     </span>
     <span class='ocr_line' id='line_1_14' title="bbox 152 1136 913 1206; baseline -0.004 -15"><span class='ocrx_word' id='word_1_90' title='bbox 152 1153 249 1191; x_wconf 85' lang='lat' dir='ltr'>saxum</span> <span class='ocrx_word' id='word_1_91' title='bbox 268 1137 342 1206; x_wconf 90' lang='lat' dir='ltr'>quod</span> <span class='ocrx_word' id='word_1_92' title='bbox 359 1140 453 1191; x_wconf 82' lang='lat' dir='ltr'>tamen</span> <span class='ocrx_word' id='word_1_93' title='bbox 471 1152 485 1189; x_wconf 82' lang='lat' dir='ltr'>e</span> <span class='ocrx_word' id='word_1_94' title='bbox 503 1152 608 1189; x_wconf 87' lang='lat' dir='ltr'>summo</span> <span class='ocrx_word' id='word_1_95' title='bbox 626 1136 680 1188; x_wconf 86' lang='lat' dir='ltr'>iam</span> <span class='ocrx_word' id='word_1_96' title='bbox 699 1136 802 1190; x_wconf 87' lang='lat' dir='ltr'>vertice</span> <span class='ocrx_word' id='word_1_97' title='bbox 819 1152 913 1189; x_wconf 88' lang='lat' dir='ltr'>rusum</span> 
     </span>
     <span class='ocr_line' id='line_1_15' title="bbox 150 1211 864 1282; baseline 0 -15"><span class='ocrx_word' id='word_1_98' title='bbox 150 1214 270 1267; x_wconf 83' lang='lat' dir='ltr'>volvitur</span> <span class='ocrx_word' id='word_1_99' title='bbox 288 1216 318 1267; x_wconf 90' lang='lat' dir='ltr'>et</span> <span class='ocrx_word' id='word_1_100' title='bbox 335 1213 408 1282; x_wconf 85' lang='lat' dir='ltr'>plani</span> <span class='ocrx_word' id='word_1_101' title='bbox 425 1212 527 1281; x_wconf 87' lang='lat' dir='ltr'>raptim</span> <span class='ocrx_word' id='word_1_102' title='bbox 544 1212 616 1281; x_wconf 87' lang='lat' dir='ltr'>petit</span> <span class='ocrx_word' id='word_1_103' title='bbox 634 1228 752 1280; x_wconf 86' lang='lat' dir='ltr'>aequora</span> <span class='ocrx_word' id='word_1_104' title='bbox 769 1211 864 1280; x_wconf 83' lang='lat' dir='ltr'>campi.</span> 
     </span>
     <span class='ocr_line' id='line_1_16' title="bbox 152 1289 906 1357; baseline -0.003 -14"><span class='ocrx_word' id='word_1_105' title='bbox 152 1289 253 1343; x_wconf 87' lang='lat' dir='ltr'>deinde</span> <span class='ocrx_word' id='word_1_106' title='bbox 270 1289 354 1342; x_wconf 86' lang='lat' dir='ltr'>animi</span> <span class='ocrx_word' id='word_1_107' title='bbox 371 1289 506 1357; x_wconf 73' lang='lat' dir='ltr'>ingratam</span> <span class='ocrx_word' id='word_1_108' title='bbox 524 1292 651 1343; x_wconf 86' lang='lat' dir='ltr'>naturam</span> <span class='ocrx_word' id='word_1_109' title='bbox 669 1304 780 1357; x_wconf 86' lang='lat' dir='ltr'>pascere</span> <span class='ocrx_word' id='word_1_110' title='bbox 798 1304 906 1356; x_wconf 83' lang='lat' dir='ltr'>semper</span> 
     </span>
     <span class='ocr_line' id='line_1_17' title="bbox 151 1364 913 1435; baseline -0.004 -16"><span class='ocrx_word' id='word_1_111' title='bbox 151 1369 238 1435; x_wconf 90' lang='lat' dir='ltr'>atque</span> <span class='ocrx_word' id='word_1_112' title='bbox 256 1365 368 1435; x_wconf 81' lang='lat' dir='ltr'>explere</span> <span class='ocrx_word' id='word_1_113' title='bbox 386 1365 465 1418; x_wconf 91' lang='lat' dir='ltr'>bonis</span> <span class='ocrx_word' id='word_1_114' title='bbox 483 1364 565 1419; x_wconf 87' lang='lat' dir='ltr'>rebus</span> <span class='ocrx_word' id='word_1_115' title='bbox 584 1365 739 1433; x_wconf 85' lang='lat' dir='ltr'>satiareque</span> <span class='ocrx_word' id='word_1_116' title='bbox 757 1380 913 1432; x_wconf 80' lang='lat' dir='ltr'>numquam,</span> 
     </span>
     <span class='ocr_line' id='line_1_18' title="bbox 152 1441 1005 1509; baseline -0.002 -15"><span class='ocrx_word' id='word_1_117' title='bbox 152 1441 229 1509; x_wconf 90' lang='lat' dir='ltr'>quod</span> <span class='ocrx_word' id='word_1_118' title='bbox 246 1441 349 1495; x_wconf 87' lang='lat' dir='ltr'>faciunt</span> <span class='ocrx_word' id='word_1_119' title='bbox 367 1441 446 1495; x_wconf 90' lang='lat' dir='ltr'>nobis</span> <span class='ocrx_word' id='word_1_120' title='bbox 463 1457 595 1495; x_wconf 89' lang='lat' dir='ltr'>annornm</span> <span class='ocrx_word' id='word_1_121' title='bbox 613 1447 744 1509; x_wconf 79' lang='lat' dir='ltr'>tempora</span> <span class='ocrx_word' id='word_1_122' title='bbox 762 1441 861 1493; x_wconf 89' lang='lat' dir='ltr'>circum</span> <span class='ocrx_word' id='word_1_123' title='bbox 958 1453 1005 1492; x_wconf 79' lang='lat' dir='ltr'>mm</span> 
     </span>
     <span class='ocr_line' id='line_1_19' title="bbox 151 1515 899 1585; baseline -0.001 -15"><span class='ocrx_word' id='word_1_124' title='bbox 151 1534 215 1570; x_wconf 91' lang='lat' dir='ltr'>eum</span> <span class='ocrx_word' id='word_1_125' title='bbox 232 1515 351 1571; x_wconf 87' lang='lat' dir='ltr'>redeunt</span> <span class='ocrx_word' id='word_1_126' title='bbox 367 1517 495 1585; x_wconf 82' lang='lat' dir='ltr'>letusque</span> <span class='ocrx_word' id='word_1_127' title='bbox 512 1517 606 1570; x_wconf 84' lang='lat' dir='ltr'>ferunt</span> <span class='ocrx_word' id='word_1_128' title='bbox 623 1517 767 1585; x_wconf 76' lang='lat' dir='ltr'>uariosque</span> <span class='ocrx_word' id='word_1_129' title='bbox 784 1516 899 1584; x_wconf 89' lang='lat' dir='ltr'>lepores,</span> 
     </span>
     <span class='ocr_line' id='line_1_20' title="bbox 152 1591 866 1662; baseline 0.001 -17"><span class='ocrx_word' id='word_1_130' title='bbox 152 1609 204 1647; x_wconf 88' lang='lat' dir='ltr'>nee</span> <span class='ocrx_word' id='word_1_131' title='bbox 221 1596 315 1647; x_wconf 88' lang='lat' dir='ltr'>tamen</span> <span class='ocrx_word' id='word_1_132' title='bbox 334 1593 476 1661; x_wconf 84' lang='lat' dir='ltr'>explemur</span> <span class='ocrx_word' id='word_1_133' title='bbox 494 1591 561 1646; x_wconf 87' lang='lat' dir='ltr'>vitai</span> <span class='ocrx_word' id='word_1_134' title='bbox 578 1592 712 1646; x_wconf 82' lang='lat' dir='ltr'>fructibus</span> <span class='ocrx_word' id='word_1_135' title='bbox 730 1609 866 1662; x_wconf 83' lang='lat' dir='ltr'>umquam,</span> 
     </span>
     <span class='ocr_line' id='line_1_21' title="bbox 152 1667 839 1739; baseline 0.001 -18"><span class='ocrx_word' id='word_1_136' title='bbox 152 1667 212 1735; x_wconf 89' lang='lat' dir='ltr'>hoc,</span> <span class='ocrx_word' id='word_1_137' title='bbox 232 1671 265 1722; x_wconf 91' lang='lat' dir='ltr'>ut</span> <span class='ocrx_word' id='word_1_138' title='bbox 282 1670 383 1737; x_wconf 92' lang='lat' dir='ltr'>opinor,</span> <span class='ocrx_word' id='word_1_139' title='bbox 402 1669 431 1722; x_wconf 92' lang='lat' dir='ltr'>id</span> <span class='ocrx_word' id='word_1_140' title='bbox 450 1672 500 1738; x_wconf 86' lang='lat' dir='ltr'>est,</span> <span class='ocrx_word' id='word_1_141' title='bbox 518 1685 584 1723; x_wconf 84' lang='lat' dir='ltr'>aevo</span> <span class='ocrx_word' id='word_1_142' title='bbox 602 1668 717 1723; x_wconf 87' lang='lat' dir='ltr'>florente</span> <span class='ocrx_word' id='word_1_143' title='bbox 734 1669 839 1739; x_wconf 80' lang='lat' dir='ltr'>puellas</span> 
     </span>
     <span class='ocr_line' id='line_1_22' title="bbox 153 1744 969 1814; baseline 0.002 -16"><span class='ocrx_word' id='word_1_144' title='bbox 153 1744 229 1813; x_wconf 90' lang='lat' dir='ltr'>quod</span> <span class='ocrx_word' id='word_1_145' title='bbox 247 1750 401 1799; x_wconf 84' lang='lat' dir='ltr'>memorant</span> <span class='ocrx_word' id='word_1_146' title='bbox 418 1744 527 1799; x_wconf 85' lang='lat' dir='ltr'>laticem</span> <span class='ocrx_word' id='word_1_147' title='bbox 544 1749 688 1814; x_wconf 89' lang='lat' dir='ltr'>pertusum</span> <span class='ocrx_word' id='word_1_148' title='bbox 706 1761 852 1812; x_wconf 81' lang='lat' dir='ltr'>congerere</span> <span class='ocrx_word' id='word_1_149' title='bbox 869 1747 897 1799; x_wconf 89' lang='lat' dir='ltr'>in</span> <span class='ocrx_word' id='word_1_150' title='bbox 913 1761 969 1811; x_wconf 77' lang='lat' dir='ltr'>ras,</span> 
     </span>
     <span class='ocr_line' id='line_1_23' title="bbox 153 1819 1005 1888; baseline 0.001 -14"><span class='ocrx_word' id='word_1_151' title='bbox 153 1819 229 1888; x_wconf 87' lang='lat' dir='ltr'>qued</span> <span class='ocrx_word' id='word_1_152' title='bbox 247 1823 340 1874; x_wconf 88' lang='lat' dir='ltr'>tamen</span> <span class='ocrx_word' id='word_1_153' title='bbox 358 1820 464 1888; x_wconf 80' lang='lat' dir='ltr'>expleri</span> <span class='ocrx_word' id='word_1_154' title='bbox 482 1819 556 1873; x_wconf 90' lang='lat' dir='ltr'>nulla</span> <span class='ocrx_word' id='word_1_155' title='bbox 572 1821 679 1874; x_wconf 89' lang='lat' dir='ltr'>ratione</span> <span class='ocrx_word' id='word_1_156' title='bbox 696 1823 828 1888; x_wconf 88' lang='lat' dir='ltr'>potestur.</span> <span class='ocrx_word' id='word_1_157' title='bbox 957 1834 1005 1875; x_wconf 86' lang='lat' dir='ltr'>mm</span> 
     </span>
     <span class='ocr_line' id='line_1_24' title="bbox 154 1895 857 1964; baseline 0.001 -14"><span class='ocrx_word' id='word_1_158' title='bbox 154 1896 292 1950; x_wconf 74' lang='lat' dir='ltr'>Cerberus</span> <span class='ocrx_word' id='word_1_159' title='bbox 310 1898 339 1950; x_wconf 88' lang='lat' dir='ltr'>et</span> <span class='ocrx_word' id='word_1_160' title='bbox 355 1896 445 1949; x_wconf 85' lang='lat' dir='ltr'>furiae</span> <span class='ocrx_word' id='word_1_161' title='bbox 461 1895 516 1949; x_wconf 85' lang='lat' dir='ltr'>iam</span> <span class='ocrx_word' id='word_1_162' title='bbox 533 1912 598 1949; x_wconf 82' lang='lat' dir='ltr'>vcro</span> <span class='ocrx_word' id='word_1_163' title='bbox 616 1899 645 1950; x_wconf 88' lang='lat' dir='ltr'>et</span> <span class='ocrx_word' id='word_1_164' title='bbox 662 1895 731 1950; x_wconf 88' lang='lat' dir='ltr'>lueis</span> <span class='ocrx_word' id='word_1_165' title='bbox 748 1900 857 1964; x_wconf 86' lang='lat' dir='ltr'>egestas</span> 
     </span>
    </p>

    <p class='ocr_par' dir='ltr' id='par_1_4' title="bbox 152 1989 1006 2953">
     <span class='ocr_line' id='line_1_25' title="bbox 560 1989 575 2022; baseline 0 0"><span class='ocrx_word' id='word_1_166' title='bbox 560 1989 575 2022; x_wconf 72' lang='lat'>²1¹</span> 
     </span>
     <span class='ocr_line' id='line_1_26' title="bbox 153 2046 855 2117; baseline 0.003 -17"><span class='ocrx_word' id='word_1_167' title='bbox 153 2046 286 2101; x_wconf 77' lang='lat' dir='ltr'>Tartarus</span> <span class='ocrx_word' id='word_1_168' title='bbox 302 2047 450 2102; x_wconf 80' lang='lat' dir='ltr'>horriferos</span> <span class='ocrx_word' id='word_1_169' title='bbox 468 2051 597 2102; x_wconf 79' lang='lat' dir='ltr'>eructans</span> <span class='ocrx_word' id='word_1_170' title='bbox 614 2047 738 2102; x_wconf 89' lang='lat' dir='ltr'>faucibus</span> <span class='ocrx_word' id='word_1_171' title='bbox 756 2052 855 2117; x_wconf 85' lang='lat' dir='ltr'>aestus,</span> 
     </span>
     <span class='ocr_line' id='line_1_27' title="bbox 153 2124 974 2193; baseline 0.001 -16"><span class='ocrx_word' id='word_1_172' title='bbox 153 2124 201 2193; x_wconf 91' lang='lat' dir='ltr'>qui</span> <span class='ocrx_word' id='word_1_173' title='bbox 217 2140 308 2192; x_wconf 88' lang='lat' dir='ltr'>neque</span> <span class='ocrx_word' id='word_1_174' title='bbox 325 2128 389 2178; x_wconf 89' lang='lat' dir='ltr'>sunt</span> <span class='ocrx_word' id='word_1_175' title='bbox 405 2141 520 2193; x_wconf 87' lang='lat' dir='ltr'>usquam</span> <span class='ocrx_word' id='word_1_176' title='bbox 536 2140 586 2177; x_wconf 91' lang='lat' dir='ltr'>nec</span> <span class='ocrx_word' id='word_1_177' title='bbox 603 2127 718 2193; x_wconf 84' lang='lat' dir='ltr'>possunt</span> <span class='ocrx_word' id='word_1_178' title='bbox 735 2140 795 2178; x_wconf 89' lang='lat' dir='ltr'>esso</span> <span class='ocrx_word' id='word_1_179' title='bbox 813 2124 974 2193; x_wconf 46' lang='lat' dir='ltr'>prolectet</span> 
     </span>
     <span class='ocr_line' id='line_1_28' title="bbox 153 2199 848 2269; baseline 0.001 -16"><span class='ocrx_word' id='word_1_180' title='bbox 153 2199 205 2253; x_wconf 87' lang='lat' dir='ltr'>sed</span> <span class='ocrx_word' id='word_1_181' title='bbox 221 2204 312 2253; x_wconf 89' lang='lat' dir='ltr'>metus</span> <span class='ocrx_word' id='word_1_182' title='bbox 328 2200 356 2252; x_wconf 90' lang='lat' dir='ltr'>iu</span> <span class='ocrx_word' id='word_1_183' title='bbox 374 2201 431 2254; x_wconf 84' lang='lat' dir='ltr'>rita</span> <span class='ocrx_word' id='word_1_184' title='bbox 448 2216 597 2269; x_wconf 88' lang='lat' dir='ltr'>poenarum</span> <span class='ocrx_word' id='word_1_185' title='bbox 614 2216 663 2269; x_wconf 91' lang='lat' dir='ltr'>pro</span> <span class='ocrx_word' id='word_1_186' title='bbox 681 2200 752 2254; x_wconf 82' lang='lat' dir='ltr'>nrale</span> <span class='ocrx_word' id='word_1_187' title='bbox 768 2199 848 2254; x_wconf 85' lang='lat' dir='ltr'>factis</span> 
     </span>
     <span class='ocr_line' id='line_1_29' title="bbox 153 2275 1006 2345; baseline -0.001 -15"><span class='ocrx_word' id='word_1_188' title='bbox 153 2279 198 2330; x_wconf 86' lang='lat' dir='ltr'>est</span> <span class='ocrx_word' id='word_1_189' title='bbox 214 2275 365 2343; x_wconf 79' lang='lat' dir='ltr'>insignibus</span> <span class='ocrx_word' id='word_1_190' title='bbox 382 2275 502 2343; x_wconf 83' lang='lat' dir='ltr'>insignis,</span> <span class='ocrx_word' id='word_1_191' title='bbox 520 2277 684 2345; x_wconf 87' lang='lat' dir='ltr'>scelerisque</span> <span class='ocrx_word' id='word_1_192' title='bbox 701 2276 790 2342; x_wconf 83' lang='lat' dir='ltr'>luella,</span> <span class='ocrx_word' id='word_1_193' title='bbox 958 2290 1006 2330; x_wconf 81' lang='lat'>1015</span> 
     </span>
     <span class='ocr_line' id='line_1_30' title="bbox 153 2351 836 2419; baseline 0 -13"><span class='ocrx_word' id='word_1_194' title='bbox 153 2355 293 2406; x_wconf 74' lang='lat' dir='ltr'>carcerei</span> <span class='ocrx_word' id='word_1_195' title='bbox 281 2351 448 2406; x_wconf 86' lang='lat' dir='ltr'>thorribilis</span> <span class='ocrx_word' id='word_1_196' title='bbox 466 2351 502 2406; x_wconf 90' lang='lat' dir='ltr'>de</span> <span class='ocrx_word' id='word_1_197' title='bbox 520 2369 584 2406; x_wconf 84' lang='lat' dir='ltr'>saxo</span> <span class='ocrx_word' id='word_1_198' title='bbox 602 2353 683 2407; x_wconf 86' lang='lat' dir='ltr'>iaetu‘</span> <span class='ocrx_word' id='word_1_199' title='bbox 701 2351 836 2419; x_wconf 87' lang='lat' dir='ltr'>deorsum,</span> 
     </span>
     <span class='ocr_line' id='line_1_31' title="bbox 153 2420 870 2504; baseline 0.001 -22"><span class='ocrx_word' id='word_1_200' title='bbox 153 2420 269 2503; x_wconf 52' lang='lat' dir='ltr'>vmffim</span> <span class='ocrx_word' id='word_1_201' title='bbox 285 2428 426 2497; x_wconf 80' lang='lat' dir='ltr'>earpiiices</span> <span class='ocrx_word' id='word_1_202' title='bbox 444 2427 528 2504; x_wconf 67' lang='lat' dir='ltr'>rolprr</span> <span class='ocrx_word' id='word_1_203' title='bbox 546 2429 593 2501; x_wconf 75' lang='lat' dir='ltr'>pix</span> <span class='ocrx_word' id='word_1_204' title='bbox 610 2428 740 2483; x_wconf 87' lang='lat' dir='ltr'>lammina</span> <span class='ocrx_word' id='word_1_205' title='bbox 758 2429 870 2501; x_wconf 79' lang='lat' dir='ltr'>taedae3</span> 
     </span>
     <span class='ocr_line' id='line_1_32' title="bbox 154 2491 967 2574; baseline 0.005 -17"><span class='ocrx_word' id='word_1_206' title='bbox 154 2520 226 2574; x_wconf 89' lang='lat' dir='ltr'>quae</span> <span class='ocrx_word' id='word_1_207' title='bbox 243 2506 335 2558; x_wconf 88' lang='lat' dir='ltr'>tamen</span> <span class='ocrx_word' id='word_1_208' title='bbox 353 2504 407 2558; x_wconf 86' lang='lat' dir='ltr'>etsi</span> <span class='ocrx_word' id='word_1_209' title='bbox 424 2504 531 2570; x_wconf 87' lang='lat' dir='ltr'>absunt,</span> <span class='ocrx_word' id='word_1_210' title='bbox 550 2508 580 2559; x_wconf 87' lang='lat' dir='ltr'>at</span> <span class='ocrx_word' id='word_1_211' title='bbox 597 2521 675 2558; x_wconf 89' lang='lat' dir='ltr'>mens</span> <span class='ocrx_word' id='word_1_212' title='bbox 655 2491 745 2558; x_wconf 87' lang='lat' dir='ltr'>sibi</span> <span class='ocrx_word' id='word_1_213' title='bbox 763 2506 870 2560; x_wconf 88' lang='lat' dir='ltr'>conseia</span> <span class='ocrx_word' id='word_1_214' title='bbox 885 2505 967 2561; x_wconf 84' lang='lat' dir='ltr'>iactis</span> 
     </span>
     <span class='ocr_line' id='line_1_33' title="bbox 153 2580 914 2651; baseline 0.004 -18"><span class='ocrx_word' id='word_1_215' title='bbox 153 2583 347 2649; x_wconf 84' lang='lat' dir='ltr'>praemetuens</span> <span class='ocrx_word' id='word_1_216' title='bbox 364 2580 477 2635; x_wconf 86' lang='lat' dir='ltr'>adhibet</span> <span class='ocrx_word' id='word_1_217' title='bbox 495 2586 522 2635; x_wconf 87' lang='lat' dir='ltr'>st</span> <span class='ocrx_word' id='word_1_218' title='bbox 510 2581 620 2635; x_wconf 92' lang='lat' dir='ltr'>timulos</span> <span class='ocrx_word' id='word_1_219' title='bbox 637 2584 781 2650; x_wconf 85' lang='lat' dir='ltr'>terretque</span> <span class='ocrx_word' id='word_1_220' title='bbox 799 2581 914 2651; x_wconf 87' lang='lat' dir='ltr'>flagellis</span> 
     </span>
     <span class='ocr_line' id='line_1_34' title="bbox 152 2655 1005 2725; baseline 0.001 -15"><span class='ocrx_word' id='word_1_221' title='bbox 152 2671 203 2710; x_wconf 89' lang='lat' dir='ltr'>nec</span> <span class='ocrx_word' id='word_1_222' title='bbox 220 2655 298 2710; x_wconf 82' lang='lat' dir='ltr'>ridet</span> <span class='ocrx_word' id='word_1_223' title='bbox 315 2657 421 2710; x_wconf 89' lang='lat' dir='ltr'>interea</span> <span class='ocrx_word' id='word_1_224' title='bbox 439 2657 486 2725; x_wconf 92' lang='lat' dir='ltr'>qui</span> <span class='ocrx_word' id='word_1_225' title='bbox 505 2658 640 2711; x_wconf 88' lang='lat' dir='ltr'>terminus</span> <span class='ocrx_word' id='word_1_226' title='bbox 659 2674 719 2711; x_wconf 85' lang='lat' dir='ltr'>esse</span> <span class='ocrx_word' id='word_1_227' title='bbox 737 2658 871 2712; x_wconf 85' lang='lat' dir='ltr'>malorum</span> <span class='ocrx_word' id='word_1_228' title='bbox 958 2673 1005 2711; x_wconf 81' lang='lat' dir='ltr'>mee</span> 
     </span>
     <span class='ocr_line' id='line_1_35' title="bbox 152 2730 840 2802; baseline 0.001 -17"><span class='ocrx_word' id='word_1_229' title='bbox 152 2730 241 2802; x_wconf 90' lang='lat' dir='ltr'>possit</span> <span class='ocrx_word' id='word_1_230' title='bbox 258 2748 309 2786; x_wconf 91' lang='lat' dir='ltr'>nec</span> <span class='ocrx_word' id='word_1_231' title='bbox 327 2749 398 2802; x_wconf 86' lang='lat' dir='ltr'>quae</span> <span class='ocrx_word' id='word_1_232' title='bbox 416 2733 453 2787; x_wconf 88' lang='lat' dir='ltr'>sit</span> <span class='ocrx_word' id='word_1_233' title='bbox 470 2749 620 2801; x_wconf 90' lang='lat' dir='ltr'>poenarum</span> <span class='ocrx_word' id='word_1_234' title='bbox 639 2734 760 2802; x_wconf 90' lang='lat' dir='ltr'>denique</span> <span class='ocrx_word' id='word_1_235' title='bbox 778 2734 840 2786; x_wconf 87' lang='lat' dir='ltr'>finis</span> 
     </span>
     <span class='ocr_line' id='line_1_36' title="bbox 152 2807 1005 2879; baseline 0.004 -18"><span class='ocrx_word' id='word_1_236' title='bbox 152 2811 239 2878; x_wconf 84' lang='lat' dir='ltr'>atque</span> <span class='ocrx_word' id='word_1_237' title='bbox 250 2807 351 2879; x_wconf 65' lang='lat' dir='ltr'>eadem</span> <span class='ocrx_word' id='word_1_238' title='bbox 361 2808 640 2877; x_wconf 47' lang='lat' dir='ltr'>memminagisjraec</span> <span class='ocrx_word' id='word_1_239' title='bbox 650 2826 686 2865; x_wconf 87' lang='lat' dir='ltr'>ne</span> <span class='ocrx_word' id='word_1_240' title='bbox 697 2809 728 2865; x_wconf 63' lang='lat' dir='ltr'>in,</span> <span class='ocrx_word' id='word_1_241' title='bbox 738 2813 827 2864; x_wconf 85' lang='lat' dir='ltr'>morte</span> <span class='ocrx_word' id='word_1_242' title='bbox 836 2813 1005 2877; x_wconf 80' lang='lat' dir='ltr'>gravescunt.</span> 
     </span>
     <span class='ocr_line' id='line_1_37' title="bbox 152 2883 806 2953; baseline 0.003 -16"><span class='ocrx_word' id='word_1_243' title='bbox 152 2883 197 2937; x_wconf 88' lang='lat' dir='ltr'>hic</span> <span class='ocrx_word' id='word_1_244' title='bbox 215 2883 369 2938; x_wconf 84' lang='lat' dir='ltr'>Acherusia</span> <span class='ocrx_word' id='word_1_245' title='bbox 387 2884 420 2938; x_wconf 86' lang='lat' dir='ltr'>lit</span> <span class='ocrx_word' id='word_1_246' title='bbox 438 2884 584 2939; x_wconf 90' lang='lat' dir='ltr'>stultorum</span> <span class='ocrx_word' id='word_1_247' title='bbox 603 2885 724 2953; x_wconf 90' lang='lat' dir='ltr'>denique</span> <span class='ocrx_word' id='word_1_248' title='bbox 742 2886 806 2939; x_wconf 83' lang='lat' dir='ltr'>vita.</span> 
     </span>
    </p>

    <p class='ocr_par' dir='ltr' id='par_1_5' title="bbox 151 2960 1006 3252">
     <span class='ocr_line' id='line_1_38' title="bbox 190 2960 959 3030; baseline 0.003 -17"><span class='ocrx_word' id='word_1_249' title='bbox 190 2960 252 3013; x_wconf 90' lang='lat' dir='ltr'>Hoc</span> <span class='ocrx_word' id='word_1_250' title='bbox 269 2960 354 3014; x_wconf 89' lang='lat' dir='ltr'>etiam</span> <span class='ocrx_word' id='word_1_251' title='bbox 372 2960 425 3013; x_wconf 86' lang='lat' dir='ltr'>tibi</span> <span class='ocrx_word' id='word_1_252' title='bbox 442 2964 504 3015; x_wconf 87' lang='lat' dir='ltr'>tute</span> <span class='ocrx_word' id='word_1_253' title='bbox 521 2960 596 3015; x_wconf 85' lang='lat' dir='ltr'>inter</span> <span class='ocrx_word' id='word_1_254' title='bbox 613 2961 679 3014; x_wconf 91' lang='lat' dir='ltr'>dum</span> <span class='ocrx_word' id='word_1_255' title='bbox 698 2960 789 3014; x_wconf 88' lang='lat' dir='ltr'>dicere</span> <span class='ocrx_word' id='word_1_256' title='bbox 807 2964 896 3030; x_wconf 89' lang='lat' dir='ltr'>possis</span> <span class='ocrx_word' id='word_1_257' title='bbox 950 2972 959 2981; x_wconf 84' lang='lat'><strong>·</strong></span> 
     </span>
     <span class='ocr_line' id='line_1_39' title="bbox 151 3030 1006 3102; baseline -0.005 -12"><span class='ocrx_word' id='word_1_258' title='bbox 151 3030 268 3090; x_wconf 85' lang='lat' dir='ltr'>‘lumina</span> <span class='ocrx_word' id='word_1_259' title='bbox 286 3036 324 3089; x_wconf 87' lang='lat' dir='ltr'>sis</span> <span class='ocrx_word' id='word_1_260' title='bbox 341 3036 426 3090; x_wconf 87' lang='lat' dir='ltr'>oculis</span> <span class='ocrx_word' id='word_1_261' title='bbox 443 3038 528 3089; x_wconf 81' lang='lat' dir='ltr'>etiem</span> <span class='ocrx_word' id='word_1_262' title='bbox 544 3036 632 3089; x_wconf 90' lang='lat' dir='ltr'>bonus</span> <span class='ocrx_word' id='word_1_263' title='bbox 650 3035 738 3089; x_wconf 86' lang='lat' dir='ltr'>Aneu&#39;</span> <span class='ocrx_word' id='word_1_264' title='bbox 757 3036 869 3102; x_wconf 87' lang='lat' dir='ltr'>reliquit</span> <span class='ocrx_word' id='word_1_265' title='bbox 958 3048 1006 3087; x_wconf 72' lang='lat' dir='ltr'>mn*</span> 
     </span>
     <span class='ocr_line' id='line_1_40' title="bbox 155 3108 914 3182; baseline -0.009 -15"><span class='ocrx_word' id='word_1_266' title='bbox 155 3113 201 3182; x_wconf 87' lang='lat' dir='ltr'>qui</span> <span class='ocrx_word' id='word_1_267' title='bbox 218 3112 314 3167; x_wconf 88' lang='lat' dir='ltr'>melior</span> <span class='ocrx_word' id='word_1_268' title='bbox 332 3113 426 3166; x_wconf 89' lang='lat' dir='ltr'>multis</span> <span class='ocrx_word' id='word_1_269' title='bbox 444 3127 527 3180; x_wconf 91' lang='lat' dir='ltr'>quam</span> <span class='ocrx_word' id='word_1_270' title='bbox 544 3114 576 3163; x_wconf 92' lang='lat' dir='ltr'>tu</span> <span class='ocrx_word' id='word_1_271' title='bbox 593 3110 654 3173; x_wconf 89' lang='lat' dir='ltr'>fuit,</span> <span class='ocrx_word' id='word_1_272' title='bbox 673 3108 805 3175; x_wconf 88' lang='lat' dir='ltr'>improbe,</span> <span class='ocrx_word' id='word_1_273' title='bbox 823 3108 914 3161; x_wconf 90' lang='lat' dir='ltr'>rebus.</span> 
     </span>
     <span class='ocr_line' id='line_1_41' title="bbox 154 3186 788 3252; baseline -0.017 -9"><span class='ocrx_word' id='word_1_274' title='bbox 154 3187 220 3243; x_wconf 91' lang='lat' dir='ltr'>inde</span> <span class='ocrx_word' id='word_1_275' title='bbox 237 3188 284 3242; x_wconf 86' lang='lat' dir='ltr'>alii</span> <span class='ocrx_word' id='word_1_276' title='bbox 301 3187 382 3243; x_wconf 88' lang='lat' dir='ltr'>multi</span> <span class='ocrx_word' id='word_1_277' title='bbox 400 3202 480 3252; x_wconf 85' lang='lat' dir='ltr'>reges</span> <span class='ocrx_word' id='word_1_278' title='bbox 497 3199 644 3250; x_wconf 86' lang='lat' dir='ltr'>rerumque</span> <span class='ocrx_word' id='word_1_279' title='bbox 662 3186 788 3248; x_wconf 85' lang='lat' dir='ltr'>potentes</span> 
     </span>
    </p>
   </div>
   <div class='ocr_carea' id='block_1_4' title="bbox 0 0 1106 3398">
    <p class='ocr_par' dir='ltr' id='par_1_6' title="bbox 0 0 1106 3398">
     <span class='ocr_line' id='line_1_42' title="bbox 0 0 1106 3398; baseline 0 0"><span class='ocrx_word' id='word_1_280' title='bbox 0 0 1106 3398; x_wconf 95' lang='lat' dir='ltr'> </span> 
     </span>
    </p>
   </div>
  </div>
 </body>
</html>
