2190 3398
96 78 135 135 32
506 76 543 136 II

95 178 232 247 materies,
250 181 378 249 quoniam
395 180 481 235 minui
497 198 557 236 rem
574 197 710 251 quamque
727 181 855 237 videmus
952 208 966 227 ·-

94 258 126 309 et
143 255 221 323 quusi
238 254 385 325 longinquo
402 255 489 311 fluere
506 257 597 311 omnia
614 258 752 312 ceruimus
769 274 838 313 aero

95 348 130 385 ex
148 331 288 402 oculisque
305 336 471 386 vetustatem
489 332 642 388 subducem
658 335 764 397 nostris,
935 352 963 394 ro

94 425 156 462 cum
174 411 268 463 tamen
285 408 425 463 incolumis
441 409 569 464 videatur
586 426 692 465 summa
708 427 819 466 manere

94 490 242 553 propterea
258 486 330 555 qnia,
347 501 418 554 quae
436 485 575 540 decedunt
592 501 707 556 corpora
724 487 829 555 cuique,

95 562 169 616 unde
186 560 291 617 abeunt
307 561 441 628 minuunt,
459 577 514 631 quo
533 578 632 617 venero
649 563 775 631 augmine
793 563 911 632 donant,

95 637 142 692 itta
159 653 301 692 senescere
318 642 349 692 at
365 637 433 692 haee
450 640 545 692 conae
562 637 706 693 florescere
723 642 832 708 cogunt,

95 729 145 767 nee
162 718 335 769 remorantur
351 713 398 768 ibi.
416 714 455 768 sic
472 730 565 768 rerum
583 730 690 769 summa
706 720 822 770 novatur
930 729 958 774 ⁷⁵

95 805 210 858 semper,
228 793 259 843 et
275 789 349 843 inter
366 806 397 845 so
414 789 544 844 mortales
561 793 658 844 mutua
674 791 776 848 vivunt.

95 869 245 934 augescunt
263 865 333 920 aliae
350 869 455 935 gentes,
473 866 543 921 aliae
560 866 729 933 minuuntur,

95 943 177 1009 inquo
196 940 273 996 brevi
291 943 380 1012 spatio
397 946 540 997 mutantur
558 943 647 997 saecla
664 944 833 999 animantum

95 1022 125 1073 et
142 1018 220 1087 quasi
238 1035 364 1073 cursores
382 1019 449 1073 vitai
466 1018 593 1087 lampada
609 1019 733 1073 tradunt.

131 1095 160 1149 si
178 1110 286 1150 cessare
303 1098 384 1163 putas
402 1111 495 1149 rerum
512 1094 662 1163 primordia
679 1112 760 1164 posse
926 1114 956 1152 so

96 1171 280 1239 cessandoque
297 1187 491 1227 novos-rerum
508 1171 671 1240 progignere
688 1176 787 1235 motus,

95 1247 172 1302 arinis
189 1264 206 1301 a
222 1264 288 1301 vera
305 1247 385 1316 longe
403 1247 511 1300 ratione
527 1246 643 1314 vagaris

96 1340 159 1378 nam
176 1325 303 1393 quoniam
320 1339 371 1393 per
388 1323 468 1377 inane
484 1326 626 1391 vagantur,
644 1326 743 1378 cuneta
758 1329 898 1379 necessest

96 1402 144 1454 aut
161 1400 297 1469 gravitate
314 1415 363 1454 sua
379 1399 446 1453 ferri
463 1397 614 1467 primordia
632 1415 725 1453 rerum

96 1480 146 1530 aut
161 1476 219 1531 ietu
235 1476 307 1531 forte
324 1476 444 1530 adterius.
462 1490 526 1527 uam
542 1491 609 1528 cum
625 1476 682 1528 cita
698 1488 792 1545 saepe
926 1491 954 1531 es

96 1551 176 1606 obvia
192 1552 346 1619 conflixere,
365 1552 398 1605 fit
415 1554 448 1604 ut
465 1550 573 1604 diversa
589 1554 704 1620 repente

96 1627 246 1693 dissiliant;
264 1644 353 1696 neque
370 1627 444 1681 enirn
461 1627 568 1694 mirum,
587 1626 731 1681 durissima
748 1644 819 1697 quae
836 1627 892 1682 sint

95 1704 263 1772 ponderibus
276 1704 370 1758 solidis
380 1720 468 1772 noque
480 1703 626 1772 quicquam
643 1720 661 1756 a
676 1707 755 1772 tergo
771 1705 834 1759 ibus
849 1705 951 1760 obstet

96 1785 127 1836 et
143 1797 198 1850 quo
215 1781 310 1835 iactari
327 1781 415 1849 magis
431 1781 522 1834 omnia
538 1780 663 1834 materiai

96 1873 211 1927 corpore
227 1857 380 1925 pervideas,
396 1856 570 1911 reminiscere
587 1856 674 1911 totius
692 1856 777 1910 inrum
927 1870 953 1910 eo

97 1934 134 1987 nil
153 1949 214 1988 osse
230 1934 259 1987 in
277 1950 390 2002 summa,
405 1949 495 2002 neque
512 1931 614 1986 habore
632 1932 680 1986 ubi
697 1949 811 2001 corpora
828 1931 919 2002 prima

97 2010 255 2077 consistant,
274 2010 401 2079 quoniam
419 2009 537 2078 spatium
555 2008 614 2062 siue
631 2008 686 2063 fine
704 2009 868 2078 modoquest

97 2086 305 2155 inmensumque
322 2089 419 2155 patero
436 2086 465 2138 in
482 2088 593 2139 cunetas
610 2085 732 2154 undique
749 2087 837 2154 partis

97 2162 221 2232 pluribus
238 2162 346 2216 ostendi
363 2164 393 2216 et
410 2163 487 2215 certe
503 2161 610 2215 ratione
627 2161 811 2227 probatumst.

97 2240 172 2308 quod
188 2239 316 2308 quoniam
332 2240 448 2305 constat,
465 2237 594 2291 nimirum
610 2237 685 2291 nulla
702 2239 780 2306 quies
797 2241 842 2291 cst
928 2253 953 2293 es

98 2316 210 2370 reddita
226 2314 498 2385 corporibusprimis
514 2330 566 2381 per
582 2313 663 2367 inane
681 2312 855 2383 profundum,

98 2393 148 2446 sod
165 2392 252 2461 magis
269 2390 385 2445 adsiduo
403 2391 532 2457 varioque
550 2390 671 2443 exercita
687 2394 765 2443 motu

98 2469 199 2535 partim
216 2468 367 2523 intervallis
384 2468 488 2534 magilis
505 2464 627 2520 confulta
644 2466 788 2531 resultant,
1076 2532 1077 2535 Ἰ

97 2563 162 2614 pars
180 2545 263 2600 etiam
280 2544 409 2597 brevibus
426 2542 522 2612 spatiis
539 2545 675 2596 vexantur
691 2542 727 2595 ab
744 2541 809 2595 ictu.
1076 2540 1077 2587 i

98 2625 128 2677 et
144 2637 332 2692 quaecumque
348 2618 435 2688 megis
452 2619 588 2673 condenso
606 2619 751 2673 conciliatu
918 2630 955 2671 loe

98 2698 204 2768 exiguis
221 2697 372 2751 intervallis
390 2698 518 2750 convecta
535 2694 678 2762 resultant,
1000 2740 1003 2743 ,

98 2773 261 2844 indupedita
279 2774 334 2826 suis
351 2772 488 2842 perplexis
505 2771 565 2839 ipsa
582 2770 684 2837 figuris,
1075 2774 1076 2815 i

100 2850 168 2903 haee
185 2848 290 2901 validas
308 2850 367 2899 saxi
383 2847 491 2899 radices
509 2850 539 2897 et
556 2846 615 2897 fera
632 2846 700 2897 ferri

100 2936 214 2986 corpora
230 2920 400 2971 constituunt
417 2924 446 2971 et
463 2922 555 2972 cetera
572 2920 605 2971 de
621 2934 723 2983 genere
740 2918 844 2971 horum.

101 3008 183 3040 Ptoou
185 3009 211 3039 1s
221 3008 287 3045 Quas:
296 3007 373 3038 PORRO
383 3007 491 3039 maelium
502 3009 548 3039 Pleu
557 3007 634 3039 mnus
643 3007 779 3039 vneauwa

103 3074 141 3118 set
157 3083 228 3131 quae
246 3066 382 3117 dissiliunt
399 3067 479 3130 longe
496 3068 630 3131 longeque
647 3071 791 3121 recursant

102 3139 131 3190 in
148 3139 253 3204 magnis
270 3137 428 3197 intervallis,
446 3138 514 3187 hooc
531 3153 595 3188 nera
612 3153 706 3191 mmm
