2176 3404
549 58 598 116 Vl
945 62 1002 119 183

142 177 266 234 quornm
283 161 400 233 quisque
417 177 495 216 suam
512 163 623 231 proprie
640 181 700 219 rem
717 165 836 236 percipit
852 167 882 221 in
899 181 938 221 se.
965 176 1004 219 005

141 258 212 296 uam
229 242 376 309 penetrare
393 237 447 292 alie
465 239 570 293 sonitus
587 240 698 311 alioque
716 258 842 312 saperem

143 318 285 375 cernimus
302 331 318 369 e
335 315 416 383 sucis,
434 315 487 369 alio
504 315 609 371 nidoris
626 318 731 374 oderes.

93 415 130 449 0οι
144 398 296 467 praeterea
311 410 423 448 manare
440 391 517 446 aliud
533 410 584 463 per
601 411 667 450 saxa
684 394 803 464 videtur,
965 409 1004 450 00⁰

145 477 235 542 atque
252 471 326 525 aliud
343 470 432 540 lignis,
450 469 525 524 aliud
541 471 660 526 transire
676 488 729 542 per
745 489 851 541 aurum,

147 553 320 620 argentoque
335 549 410 602 foras
426 546 503 602 aliud
519 546 647 618 vitroque
663 564 763 604 meare.

146 643 215 681 nam
232 625 318 681 fluere
334 625 386 680 hac
403 624 516 694 species,
533 623 595 678 illac
612 623 688 678 calor
703 625 745 680 ire
762 625 880 694 videtur,

96 722 133 756 m
148 707 236 772 atque
253 702 313 757 aliis
330 701 398 756 aliut
415 700 497 755 citius
514 701 704 756 transmittere
720 701 825 758 eadem

149 779 256 850 scilicet
272 777 303 836 id
320 778 381 832 tieri
398 778 472 846 cogit
487 780 587 833 natura
603 778 709 833 siarum
965 793 1003 835 000

149 855 321 925 multimodis
337 855 453 925 vanans,
470 857 503 909 ut
519 854 599 924 paulo
617 854 788 910 ostendimus
805 860 878 925 ante,

99 949 135 982 ae
150 935 266 1002 propter
282 932 443 1005 dissimilem
459 935 587 986 naturam
604 933 737 1000 textaque
754 948 855 988 rerum.

99 1023 136 1057 m
188 1010 369 1079 Quapropter,
386 1008 457 1063 bene
473 1008 522 1062 ubi
538 1007 607 1063 haec
624 1007 784 1063 confirmata
801 1013 886 1079 atque
902 1010 992 1064 locata

151 1086 244 1141 emnia
260 1087 434 1142 constiterint
451 1086 530 1141 nobis
546 1091 693 1156 praeposta
710 1090 815 1156 parata,

140 1165 227 1234 ,qued
244 1167 377 1235 superest,
388 1163 468 1218 facile
483 1164 547 1219 hinc
562 1164 633 1218 ratio
644 1162 781 1218 reddetur
792 1167 823 1218 et
833 1163 922 1217 omnis
954 1177 1003 1218 1000

151 1258 234 1296 causa
251 1242 366 1311 patefiet
383 1256 454 1308 quae
470 1240 537 1295 ferri
554 1239 676 1310 pelliciat
692 1240 755 1295 vim.

150 1317 286 1388 principio
303 1317 388 1372 fluere
405 1334 422 1371 e
439 1316 531 1386 lapide
547 1316 600 1372 hoc
616 1316 910 1386 permultauecessest

152 1395 258 1450 semina
277 1395 334 1449 sive
354 1397 461 1449 aestum
478 1395 526 1463 qui
544 1393 658 1449 discutit
675 1410 740 1448 aera
756 1394 851 1463 plagis,

149 1475 225 1528 inter
242 1471 290 1541 qui
306 1470 602 1540 lapidemiermmque
619 1474 663 1524 est
680 1488 796 1541 cumque
814 1471 925 1526 locatus.

151 1550 204 1604 hoc
220 1548 268 1603 nbi
285 1547 405 1609 inanitum
421 1547 540 1617 spatium
558 1547 715 1617 multusque
732 1548 832 1603 vacefit
954 1562 1003 1602 1005

151 1626 180 1680 iu
197 1624 288 1680 medio
305 1625 389 1693 locus,
406 1624 545 1693 extemplo
562 1625 795 1694 primordia'fciri

151 1704 181 1756 iu
199 1717 312 1756 vacuum
329 1701 457 1770 prolapsa
475 1701 578 1755 cadunt
595 1701 744 1769 coniuncta,
762 1703 795 1758 fit
812 1706 900 1772 utque

151 1779 249 1834 anulus
266 1780 325 1848 ipse
342 1780 474 1846 sequatur
491 1781 592 1847 eatque
608 1777 649 1833 ita
666 1795 779 1849 corpere
796 1784 865 1836 teto.

151 1873 203 1911 nec
220 1871 265 1910 res
282 1855 337 1909 ulla
353 1855 441 1922 magis
458 1854 624 1924 primoribus
640 1872 675 1910 ca·
692 1856 835 1913 elementis

152 1932 315 2001 indupedita
332 1931 389 1985 suis
406 1932 467 1985 arte
484 1946 588 1985 conexa
604 1932 732 1987 cohaeret
954 1946 1004 1989 1010

153 2025 237 2078 quam
253 2008 338 2065 validi
355 2006 422 2062 ferni
439 2009 539 2060 natura
556 2009 585 2061 et
602 2008 720 2076 frigidus
736 2008 840 2065 horror.

153 2102 208 2157 quo
225 2085 316 2139 minus
333 2087 377 2139 est
394 2082 503 2150 mirum,
521 2082 595 2152 qnod
612 2083 714 2138 dicitur
731 2099 765 2137 nx
780 2100 922 2155 muneris,

153 2178 267 2232 comere
284 2162 307 2216 si
324 2162 466 2230 nequeunt
483 2175 499 2213 e
516 2160 590 2214 terro
607 2159 687 2228 plura
704 2165 797 2215 coorta

152 2241 181 2293 in
197 2255 313 2294 vmuum
329 2237 403 2306 ferri,‘
421 2238 488 2306 quin
504 2236 601 2291 anulus
618 2236 677 2305 ipse
695 2242 842 2307 sequatur;

153 2316 229 2387 quod
244 2316 317 2382 iacit,
336 2317 365 2370 et
383 2312 515 2382 sequitur,
532 2314 619 2367 donec
635 2315 762 2383 pervenit
778 2315 815 2369 ad
831 2316 921 2385 ipsum
954 2327 1004 2373 1010

152 2394 207 2448 iam
224 2391 344 2462 lapidem
360 2391 502 2460 caecisque
519 2389 547 2443 in
565 2405 598 2443 eo
615 2391 791 2460 compagibus
809 2393 903 2450 haesit

153 2470 204 2524 hoc
221 2470 254 2523 lit
271 2469 345 2523 idem
363 2470 476 2524 cunctas
493 2467 522 2520 in
538 2467 633 2535 partis,
651 2467 726 2522 nude
742 2471 842 2525 vaceiit

153 2563 270 2615 cumque
287 2545 369 2611 locus,
386 2545 443 2598 sive
461 2547 646 2599 etrcnsversc
664 2543 721 2599 sive
739 2562 857 2615 superne

153 2639 268 2693 corpere
284 2623 412 2677 continuo
428 2621 458 2675 in
475 2636 592 2675 vacuum
608 2619 698 2675 vicina
714 2623 847 2679 feruntur.

154 2699 255 2769 quippe
271 2698 414 2767 agitantur
430 2699 503 2754 enim
518 2697 607 2768 plagis
624 2697 734 2752 aliunde
751 2716 802 2754 uec
819 2700 879 2769 ipsa
954 2714 1004 2757 1000

154 2779 251 2845 sponte
269 2792 319 2830 sua
336 2793 443 2840 sursum
460 2777 577 2848 possunt
595 2792 761 2845 consurgere
778 2777 807 2831 iu
824 2794 911 2833 auras

153 2854 206 2908 huc
224 2853 333 2909 accedit
349 2853 416 2907 item
434 2858 530 2925 (quare
547 2858 632 2925 queat
648 2854 678 2908 id
695 2855 783 2923 magis
801 2871 869 2922 esse,

152 2931 219 2985 haec
237 2946 347 3000 queque
364 2947 409 2985 res
426 2933 585 2988 adiumento
601 2938 734 3002 motuque
751 2932 871 3001 iuvatur)

153 3006 234 3077 qnod,
253 3006 333 3060 simul
350 3024 367 3060 a
384 3007 476 3063 fronte
493 3013 537 3064 est
554 3010 635 3065 anelli
653 3011 742 3064 rarior
759 3024 807 3062 aer

152 3085 241 3139 factus
258 3083 432 3153 inanitusque
448 3086 522 3139 locus
538 3087 626 3154 magis
643 3102 675 3140 ac
691 3087 829 3149 vacuatus,
957 3096 1005 3138 10m

107 3161 282 3216 tmccntinuo
299 3159 333 3214 fit
350 3160 391 3214 uti
410 3162 456 3229 qui
475 3165 538 3230 post
555 3165 598 3216 est
615 3178 732 3232 maique
749 3160 855 3214 locatus
