2176 3404
519 51 568 108 VI

123 173 180 226 qua
197 172 338 225 possemus
354 154 391 209 nd
408 155 439 208 id
455 156 533 207 recto
550 153 716 207 contendero
732 169 821 219 eursu,

123 233 227 302 quidve
244 231 308 284 muli
325 230 420 284 soret
413 247 441 282 m
459 230 542 284 rebus
559 229 713 284 mortalibu'
730 231 840 299 possim,

123 310 200 377 quod
218 308 351 393 fieretup
383 306 433 359 reli
450 306 581 374 varieque
598 306 703 359 volaret
886 279 904 337 4
950 321 975 359 so

123 403 173 439 seu
191 396 256 438 canu
274 400 322 438 seu
367 382 503 452 ‚'quod
483 399 521 436 sie
539 388 638 436 natura
655 385 786 451 parasset,

124 461 272 529 etquibus
289 477 306 514 e
323 459 411 528 portis
428 458 535 513 occurri
553 458 651 526 cuique
669 458 788 526 deceret,

123 541 153 591 et
170 553 259 605 genus
275 536 424 589 humanum
441 535 545 588 frustra
561 534 723 603 plerumque
740 534 867 604 probarit

123 613 235 667 volvere
252 628 379 666 curarum
396 611 485 665 tristis
502 610 530 665 in
547 613 659 680 pectore
676 610 783 664 fluetus.

124 706 188 743 nam
205 689 290 743 veluti
307 689 386 763 pueri
403 686 542 755 trepidant
559 691 642 756 atque
656 688 747 740 omnin
761 687 849 742 eeeeis
951 703 976 741 ιι
1055 682 1056 693 ’

122 766 152 818 in
169 765 293 819 tenebris
310 768 445 830 metuunt,
464 764 502 817 sic
519 781 568 818 uos
584 764 614 818 in
631 763 691 817 luce
709 764 838 819 timemus

124 841 273 909 interdum,
291 841 346 893 nilo
363 857 434 909 queo
452 843 515 893 suut
533 839 681 894 metuenda
698 840 785 908 magis
803 856 885 908 quom

124 934 196 986 quoe
214 918 294 987 pueri
311 917 341 969 in
358 915 480 970 tenebris
497 916 622 985 povitnnt
639 916 801 985 finguntque
818 917 917 970 futuro.

124 993 197 1047 hune
214 994 301 1061 igitur
318 996 451 1046 terrorem
469 993 550 1045 enimi
569 990 752 1061 tenebrasque
768 997 907 1046 necessest

124 1087 179 1123 non
196 1069 268 1122 radii
286 1068 350 1122 solis
367 1084 418 1121 nec
435 1067 525 1122 lueida
542 1069 599 1122 tela
616 1067 671 1121 diei
952 1081 976 1120 ro

126 1145 283 1211 discutient,
301 1144 350 1198 sed
367 1147 482 1198 naturae
500 1145 604 1213 speeies
620 1144 754 1212 ratioque.

125 1237 180 1290 quo
198 1222 284 1288 magis
300 1220 440 1289 inceptum
456 1236 569 1288 pergem
587 1224 731 1288 pertexere
749 1219 838 1274 dietis.

160 1297 199 1351 Et
216 1297 344 1364 quoniam
362 1295 442 1348 docui
459 1295 553 1348 mundi
570 1295 697 1349 mortalia
713 1296 816 1366 temple

125 1389 186 1427 esse
203 1380 230 1426 et
247 1373 339 1426 nativo
356 1372 505 1425 consistere
523 1388 637 1440 corpore
654 1371 764 1437 eaelum,

126 1452 155 1502 et
173 1465 362 1517 quaecumque
379 1447 407 1500 in
425 1464 458 1500 eo
475 1448 545 1501 fiunt
562 1448 678 1516 fierique
694 1452 838 1513 necessest,
952 1466 977 1505 45

120 1525 258 1593 ¹ploraque
275 1524 397 1590 resselui,
417 1540 487 1593 quae
505 1527 612 1577 restent
628 1524 739 1593 percipe
755 1542 846 1594 porro,

127 1600 350 1669 quandoquidem
368 1599 452 1653 semel
469 1600 603 1667 insignem
621 1601 802 1655 conscendere
819 1619 929 1656 currum

544 1697 562 1734 s

127 1763 280 1822 ventorum,
299 1776 334 1813 ex
350 1759 392 1813 ira
410 1762 441 1813 ιιι
458 1758 608 1828 placentur,
625 1766 658 1813 ιιι
675 1760 765 1816 omina
781 1777 890 1815 rursum

127 1853 198 1904 quoe
215 1835 319 1889 fuerint
335 1836 391 1889 sint
408 1835 515 1903 placato
531 1851 662 1890 converse
677 1837 776 1891 furore.

127 1916 220 1966 cetera
238 1928 307 1978 quae
324 1911 385 1964 fieri
402 1912 430 1964 in
448 1912 530 1967 terris
547 1912 675 1981 coeloque
692 1917 805 1967 tuentur
952 1930 978 1969 oo

128 1987 265 2053 mortales,
282 1987 387 2055 pavidis
405 2003 466 2041 cum
482 1988 606 2056 pendent
622 1987 751 2041 mentibu'
770 2006 860 2059 saepe,

127 2068 157 2117 et
173 2063 277 2116 faciunt
294 2063 399 2117 enimes
415 2063 525 2116 humitis
541 2063 686 2117 formidine
703 2063 793 2118 divom

128 2140 327 2208 depressosque
344 2141 473 2207 premunt
490 2139 527 2192 ad
544 2143 646 2193 terram
663 2143 810 2208 propterea
827 2141 901 2210 quod

126 2215 279 2283 ignorantia
295 2231 438 2269 causarum
455 2216 578 2269 conferre
596 2214 710 2268 deorum
940 2278 944 2285 ,

128 2291 201 2358 cogit
218 2290 255 2344 ed
272 2290 418 2359 imperium
435 2307 481 2345 res
498 2294 528 2346 et
545 2291 696 2345 coneedero
714 2307 836 2359 regnum.
954 2310 978 2347 ιι

128 2392 230 2431 QUORUM
240 2391 339 2424 OPERUH
349 2391 440 2424 CAUSAS
449 2391 531 2424 NULLA
542 2391 646 2423 nucleus
655 2390 745 2423 vrum

128 2460 233 2493 rossum
242 2447 273 2492 nb
284 2459 351 2492 ιιιιιι
361 2459 447 2491 murno
457 2458 555 2492 ιιιιιιιιιιι
566 2458 664 2490 nunnus

128 2538 191 2576 nem
208 2521 280 2576 bene
297 2521 345 2590 qui
362 2520 483 2575 didicero
501 2521 568 2575 deos
585 2536 711 2575 securum
729 2537 810 2590 egere
828 2539 930 2589 aevom,

129 2598 151 2651 si
169 2600 261 2652 temen
278 2597 384 2651 interea
401 2597 535 2652 mirantur
552 2613 607 2664 que
624 2596 729 2650 ratione

129 2690 253 2743 quaeque
269 2673 330 2741 geri
347 2674 460 2743 possint,
478 2672 640 2743 praesertim
657 2672 741 2726 rebus
758 2673 786 2726 in
803 2674 858 2728 iliis
955 2691 979 2729 ro

130 2766 200 2820 quae
217 2766 317 2820 supera
334 2753 418 2820 eaput
435 2750 563 2804 aetheriis
581 2751 729 2802 cernuntur
746 2749 775 2803 in
792 2751 854 2819 oris,

129 2842 223 2879 rursus
240 2826 269 2879 in
286 2826 414 2894 antiquas
430 2827 588 2880 referuntur
606 2824 744 2892 religionis

130 2904 160 2955 et
176 2900 299 2955 dominos
317 2902 387 2955 aeris
404 2902 567 2969 adsciscunt,
584 2901 675 2961 emnia
692 2917 773 2969 posse

131 2994 198 3045 quos
214 2978 306 3041 miseri
324 2978 472 3042 credunt,
465 2978 553 3045 ignari
571 2977 638 3044 quid
656 2980 740 3044 queat
757 2992 824 3044 esse,

131 3052 197 3122 quid
214 3058 342 3122 nequeat,
360 3054 438 3107 finita
454 3069 491 3122 po
492 3057 578 3106 testas
596 3053 712 3119 denique
731 3052 829 3119 cuique
878 3028 930 3103 ff*
956 3070 981 3108 ιιι

131 3142 245 3198 orianum
263 3129 300 3182 sit
318 3129 416 3182 ιιιίοιιί
434 3131 518 3196 etque
535 3127 591 3180 nlto
607 3125 741 3180 terminus
758 3124 888 3193 linerens3
