2138 3404
85 85 103 140 4
507 81 523 137 Ι

82 202 273 241 aerumnarum
289 184 421 252 homines,
438 185 530 254 aliqua
545 184 651 247 ratione
668 172 791 242 valerent

50 284 57 293 ·
81 262 259 331 religionibus
275 264 360 330 atque
376 262 456 315 minis
474 260 608 315 obsistere
625 264 725 315 vatum.

82 356 153 394 nunc
167 340 241 393 'ratio
259 339 335 392 nulla
352 341 395 392 est
412 337 544 405 restandi,
561 337 637 391 nulla
654 337 778 405 facultas,
909 355 946 396 uo

83 419 209 470 aeternas
228 415 356 485 quoniam
374 431 478 484 poenas
495 414 524 467 in
541 417 630 469 morte
649 413 836 468 timendumrt.

83 490 227 560 ignoratur
245 491 318 546 enim
337 507 408 560 quae
425 491 462 544 sit
479 493 578 544 natura
595 489 703 557 animai,

83 571 149 622 nuta
166 568 203 622 sit
220 584 256 621 uu
273 570 370 621 contra
386 565 561 621 nascentibus
578 565 739 633 insinuetur,

83 647 113 698 et
130 643 210 697 simui
226 644 348 697 intereat
365 642 506 697 nobiscum
523 645 613 696 morto
631 641 768 711 dirempta

81 736 116 772 au
133 719 262 774 tenebras
281 718 346 773 Orci
364 719 436 773 viset
454 722 602 787 vastasque
620 717 731 773 lacunas
904 737 941 776 ns

83 811 118 848 an
136 795 256 864 pecudes
272 795 339 849 alias
357 794 489 849 divinitus
505 794 627 861 insinuet
645 812 683 862 se,

83 870 187 924 Ennius
204 875 237 925 ut
254 875 348 926 noster
366 872 465 925 cecinit
483 872 530 940 qui
547 872 653 941 primus
670 888 785 939 amoeno

83 946 185 1001 detulit
203 964 237 1001 cx
257 948 390 1005 Helicone
407 948 522 1017 perenni
540 948 638 1002 fronde
655 965 790 1014 coronam,

82 1023 241 1092 pergentis
260 1023 346 1076 Italas
364 1023 505 1076 hominum
523 1040 594 1092 quae
612 1023 687 1078 clara
703 1024 824 1090 clueret;

82 1099 135 1153 etsi
152 1103 298 1169 practerea
315 1103 408 1154 tamen
426 1115 486 1153 esse
505 1099 660 1154 Acherusia
676 1099 782 1169 templa
901 1116 937 1155 mo

83 1175 187 1230 linnius
205 1176 326 1231 aeternis
345 1176 457 1244 exponit
475 1175 601 1230 versibus
619 1177 712 1244 edens,

82 1269 137 1320 qno
155 1269 245 1322 noque
262 1255 443 1322 permaneant
460 1251 566 1306 animae
584 1268 674 1321 neque
693 1269 808 1323 corpora
824 1257 927 1322 nostra,

82 1329 132 1382 sed
149 1330 284 1399 quaedam
303 1328 447 1385 simulacra
464 1327 555 1382 modis
572 1328 703 1398 pallentia
720 1329 812 1395 miris;

80 1406 155 1460 unde
173 1406 224 1459 sibi
243 1409 369 1460 exortam.
384 1421 496 1475 semper
511 1405 635 1459 florentis
654 1406 770 1459 Homeri

80 1485 275 1536 commemorat
293 1482 411 1550 speeiem
429 1481 555 1536 lacrimas
573 1481 714 1536 effundere
732 1482 818 1535 salsas
898 1498 933 1537 rae

80 1558 201 1626 coepisse
218 1561 249 1612 et
266 1573 358 1611 rerum
376 1562 503 1612 naturam
522 1556 678 1625 expandere
697 1557 787 1612 dictis.

80 1636 250 1702 quapropter
267 1632 338 1686 bene
356 1649 418 1687 cum
436 1633 541 1702 superis
560 1632 596 1687 de
614 1632 697 1686 rebus
713 1633 842 1689 habenda

80 1709 158 1763 nobis
175 1711 219 1767 est
237 1709 317 1776 ratic,
334 1709 398 1763 solis
415 1709 553 1779 lunaeque
570 1711 678 1763 meatus

80 1802 134 1854 qua
151 1784 219 1837 fiant
236 1785 350 1851 ratione,
369 1789 399 1840 et
417 1803 472 1855 qua
490 1786 516 1839 vi
535 1802 661 1855 quaeque
679 1789 811 1855 gerantur

79 1861 107 1913 iu
125 1859 216 1929 terris,
234 1864 294 1915 turn
312 1878 374 1915 cum
391 1862 491 1930 primis
506 1862 613 1915 ratione
631 1860 721 1930 sagaci
895 1879 933 1920 1³⁰
993 1929 994 1933 ἵ

80 1937 155 1991 unde
172 1936 263 1990 anima
280 1940 365 2007 atquc
382 1938 466 1992 animi
485 1941 594 1992 constet
611 1942 710 1993 natura
727 1937 886 2009 videndum,

65 1996 108 2067 tot
127 2028 199 2082 quae
217 2029 262 2067 res
279 2014 357 2067 nobis
375 2014 550 2083 vigilantibus
567 2014 646 2069 obvia
663 2019 772 2069 mentes

78 2089 214 2144 terrificet
231 2090 327 2144 morbo
345 2091 461 2145 adfectis
478 2107 629 2160 >somnoque
647 2091 779 2162 sepudtisss

78 2183 192 2233 cernere
210 2167 253 2221 uti
270 2168 413 2221 videamur
430 2184 477 2222 eos
495 2167 645 2237 audireque
663 2185 763 2236 corum,

78 2247 167 2299 morte
185 2242 260 2298 obita
278 2261 393 2312 quorum
411 2245 493 2299 telius
511 2244 686 2313 amplectitur
704 2261 772 2299 ossa
894 2260 932 2300 res

113 2321 139 2373 N
141 2336 173 2374 ec
190 2335 235 2373 me
252 2321 335 2375 enimi
352 2321 423 2374 fallit
442 2320 585 2375 Graiorum
604 2319 721 2374 obscura
737 2322 849 2390 reperta

78 2396 188 2450 difficile
205 2395 352 2451 inlustrare
371 2397 476 2451 Latinis
494 2396 617 2449 versibus
635 2412 703 2464 csse,

79 2473 166 2527 multa
183 2473 260 2527 novis
278 2472 370 2526 verbis
388 2472 550 2540 pracsertim
568 2489 629 2526 curn
647 2473 685 2526 sit
702 2473 840 2541 agendum

77 2553 190 2618 propter
207 2553 358 2617 egestatem
376 2549 484 2617 linguae
502 2552 532 2601 et
549 2565 641 2602 rorum
659 2551 825 2613 novitatem3

77 2627 127 2679 sed
145 2629 194 2680 tua
210 2643 255 2680 me
272 2626 360 2679 virtus
377 2629 469 2678 tamen
487 2627 516 2677 et
534 2629 645 2693 sperata
663 2626 789 2694 voluptas
893 2641 931 2679 leo

77 2703 168 2756 suavis
186 2701 323 2756 amicitiae
342 2702 464 2770 quemvis
483 2700 597 2755 sufferre
616 2701 738 2757 laborem

76 2777 175 2833 suadet
193 2781 222 2831 ct
240 2778 346 2831 inducit
362 2781 456 2831 noctes
475 2776 589 2844 vigilare
607 2794 717 2832 serenas

78 2856 257 2920 quaerentem
275 2852 356 2905 dietis
375 2852 474 2919 quibus
492 2854 522 2905 et
540 2868 593 2920 quo
611 2853 731 2907 carmine
749 2853 862 2908 demum

78 2928 152 2980 clara
167 2929 234 2978 tuac
251 2927 352 2992 possim
369 2925 557 2993 praepandere
573 2927 678 2981 lumina
694 2929 789 2996 menti,

79 3017 124 3054 res
142 2998 241 3067 quibus
259 2999 379 3051 occultas
396 3001 506 3067 penitus
523 3002 661 3057 convisere
678 3005 772 3071 possis.
893 3020 931 3060 145

115 3075 198 3128 Hunc
214 3074 302 3141 igitur
318 3076 452 3126 terrorem
469 3074 554 3126 animi
572 3077 754 3146 tenebrasque
771 3087 913 3136 necessest

80 3163 134 3217 non
151 3148 222 3201 radii
240 3147 306 3200 solis
323 3162 411 3211 neque
428 3147 520 3199 lucida
536 3149 592 3204 tola
609 3149 663 3203 diei
