2190 3398
88 229 254 298 occiderunt,
274 233 381 300 magnis
399 232 446 300 qui
462 232 592 301 gentibus
609 231 815 301 imperitarunt

87 306 135 360 ille'
146 323 257 377 quoque
270 307 337 377 ipse,
349 307 421 362 viam
430 309 478 376 qni
490 306 628 377 qnondam
639 323 690 377 per
700 324 778 364 mare
789 317 922 379 magnum

88 383 187 438 stravit
204 383 312 452 iterque
331 383 409 438 dedit
425 384 577 453 legionibus
593 384 635 438 ire
650 400 702 454 per
719 385 806 440 altum
897 392 949 444 ime

89 475 121 513 ac
139 459 255 528 wdibus
274 460 359 513 salsas
377 459 470 514 docuit
488 476 617 530 superare
634 460 746 514 lucunas

90 537 120 588 et
137 534 283 589 contemsit
301 535 377 604 equis
395 536 529 590 insultans
545 552 687 589 murmura
703 537 790 605 potiti,

88 610 190 664 lumine
208 610 336 677 adempto
356 611 474 665 animam
492 612 655 667 moribundo
672 628 786 679 corpere
802 612 885 668 ludit.

89 687 237 756 Scipiadas,
256 685 319 739 belli
338 687 449 754 fulmen,
469 687 643 756 Carthaginis
660 688 765 755 horror,
883 742 885 747 ⁴

91 779 153 816 ossa
171 761 249 815 dedit
267 766 358 817 terrae
375 763 491 832 proinde
508 779 541 818 ac
557 764 642 818 famul
659 764 769 819 infimus
786 768 868 820 essct.
894 781 949 822 suu·

91 838 163 893 adde
181 841 337 906 repertores
356 839 542 894 doctrinarum
560 844 645 909 atque
662 840 792 910 leporum,

89 914 161 968 adde
180 912 391 968 Heliconiadum
409 916 539 981 comitem
539 932 671 1003 quorum
689 932 759 970 unus
777 916 919 973 Homerus

91 993 199 1059 sceptra
216 1006 253 1060 po
254 990 322 1044 titus
342 991 439 1044 eadem
457 991 517 1045 aliis
535 984 632 1059 sopitu’
652 991 780 1060 quietest
838 1022 843 1031 ·

88 1067 207 1135 denique
225 1049 413 1122 Democritum
435 1070 581 1136 postquam
599 1072 708 1122 matura
724 1071 849 1124 vetustas

87 1163 114 1197 ιιι
94 1142 228 1197 admonuit
244 1160 380 1197 memores
397 1147 488 1197 motus
506 1145 680 1212 languescere
698 1145 805 1212 mentis,
897 1161 948 1201 reso

89 1224 187 1289 aptante
205 1237 253 1275 sua
270 1220 327 1275 leto
344 1225 428 1289 caput
445 1220 541 1275 obvius
559 1220 660 1289 optulit
676 1220 742 1289 ipse.

89 1297 148 1364 ipse
166 1297 299 1366 Epicurus
317 1296 376 1351 obit
393 1297 509 1350 decurso
527 1297 628 1352 luunine
645 1295 725 1363 ritae,

89 1373 135 1439 «qui
153 1389 240 1441 genus
257 1373 404 1427 humanum
421 1373 530 1440 ingenio
548 1372 688 1442 superavit
705 1376 735 1426 et
752 1373 847 1447 omnis
866 1406 870 1413 »

89 1449 240 1516 restincxit,
260 1450 353 1504 stellas
371 1453 483 1503 exortus
500 1453 533 1502 ut
550 1448 689 1502 aetherius
706 1448 755 1502 sol.

89 1532 119 1578 tn
138 1541 205 1579 vero
223 1525 362 1580 dubitabis
380 1528 410 1579 et
427 1524 606 1592 indignabere
623 1525 715 1579 obiret
897 1541 947 1582 lese

88 1604 197 1654 mortua
214 1602 257 1655 eui
274 1602 332 1655 vita
348 1605 392 1654 est
409 1616 495 1669 prope
513 1601 567 1655 iam
585 1601 646 1654 viro
664 1604 749 1669 atquc
766 1600 883 1670 ridenti,

88 1677 135 1742 qni
153 1692 247 1729 somno
264 1681 372 1744 partem
390 1677 521 1730 maiorem
539 1677 658 1730 conteris
675 1676 734 1730 aeri

88 1755 118 1805 ct
135 1751 248 1819 sigilans
266 1754 360 1807 stertis
378 1770 427 1807 nec
446 1753 551 1807 somnia
569 1769 681 1807 cernere
698 1769 788 1807 cessas

87 1827 285 1894 sollicitamque
302 1830 375 1895 geris
392 1845 469 1883 cassa
485 1829 631 1883 formidine
648 1833 770 1883 mentem

87 1920 138 1958 nec
155 1904 276 1972 reperire
293 1909 371 1971 putes
389 1904 440 1957 tibi
460 1905 527 1994 quid
545 1906 582 1959 sit
600 1921 683 1974 saepe
700 1905 772 1973 unali,
790 1921 854 1960 cum
896 1920 946 1962 seeo

88 1980 180 2034 ebrius
197 1978 303 2047 urgeris
321 1979 413 2033 nrultia
431 1981 652 2049 miserandisque
670 1981 741 2035 euris

87 2061 171 2127 atque
188 2055 270 2110 aniani
288 2054 392 2110 incerto
410 2056 519 2111 fluitans
537 2073 631 2111 errore
648 2057 774 2136 ¹vagaris

123 2133 152 2189 ui
169 2136 281 2203 possent
297 2119 427 2200 homines,
446 2122 601 2202 proinde*
579 2149 611 2187 ae
629 2119 732 2188 sentire
748 2133 878 2188 ridentur

87 2210 219 2277 pieridus
211 2225 300 2263 inesse
318 2209 408 2263 animo
427 2209 501 2278 quod
519 2225 548 2263 se
565 2209 702 2278 gravitate
719 2209 825 2279 litiget,

87 2302 103 2341 e
121 2287 221 2357 quibus
239 2286 269 2339 id
287 2284 337 2339 fiat
354 2286 442 2339 carreis
461 2301 570 2355 quoque
588 2289 747 2341 noscerect
735 2284 837 2339 tunde
896 2300 945 2341 roes

87 2366 165 2418 tanta
183 2362 246 2416 mali
264 2365 405 2430 tamquam
422 2361 534 2415 moles
526 2379 555 2416 1n
572 2366 684 2431 pectere
701 2364 831 2424 constet,

86 2440 153 2495 haut
171 2439 211 2494 ita
228 2437 314 2492 vitam
332 2441 453 2506 egerent
471 2441 503 2492 ut
520 2455 592 2492 nune
608 2438 770 2507 plerumque
787 2436 928 2514 videntne

86 2516 155 2585 quid
172 2514 224 2569 sibi
243 2514 369 2583 quisque
377 2513 443 2567 velit
461 2514 567 2568 nescire
584 2518 614 2568 et
631 2529 765 2584 quaerere
783 2528 891 2581 semper

86 2594 254 2645 eerrrmutare
272 2589 361 2642 locum
380 2588 458 2658 qnasi
476 2606 544 2644 orsus
563 2590 699 2660 deponere
715 2588 808 2658 possit

86 2667 145 2722 exit
164 2683 245 2735 saepe
262 2666 335 2718 feras
353 2665 459 2732 magnis
478 2682 512 2720 ex
530 2667 644 2721 aedibus
661 2665 714 2734 ille,
894 2679 946 2720 reue

86 2761 146 2798 esse
165 2743 238 2796 demi
257 2758 337 2808 quem
355 2746 547 2810 pertaesumst,
567 2742 712 2811 subitoque
728 2740 853 2809 revertit,

86 2821 187 2886 quippe
204 2816 270 2868 forie
288 2816 344 2868 nilo
362 2816 459 2870 melius
477 2819 524 2886 qui
545 2820 645 2873 sentiat
662 2834 730 2872 esse.

85 2894 172 2946 currit
191 2886 274 2956 agens
293 2906 406 2944 mannes
424 2892 460 2945 ad
478 2894 570 2949 villam
587 2894 806 2964 praecipitanter,

86 2966 216 3018 arusilium
233 2964 315 3016 tectis
333 2965 411 3030 quasi
429 2968 501 3021 ferre
519 2970 680 3024 ardentibus
696 2971 816 3031 instans3

85 3040 183 3090 oscitat
200 3037 345 3122 ertemplq
357 3038 458 3104 tetigit
475 3059 537 3095 oum
555 3044 650 3098 limina
667 3047 945 3110 siliculum

86 3115 134 3164 eut
151 3110 233 3162 abit
226 3125 254 3159 111
272 3124 395 3160 somnum
412 3118 503 3178 gravis
519 3122 615 3190 atque
623 3121 721 3174 oblivia
738 3117 854 3186 quaerit,

87 3187 135 3236 alli
152 3183 234 3235 etlam
252 3196 399 3246 imperans
417 3188 512 3242 urbem
530 3194 603 3257 petit
620 3201 705 3264 atque
722 3192 825 3248 revisit
934 3228 939 3235 -

1063 290 1081 309 ’

1083 860 1085 975 ι
