2190 3398
539 64 593 121 ΙΙΙ

137 169 253 240 quodsi
271 168 423 224 inmortalis
439 169 511 223 foret
529 171 558 222 et
575 171 684 224 mutare
701 170 802 226 soleret

135 240 258 315 corpora,
275 246 419 314 permixtis
436 245 587 299 animantes
605 246 727 301 moribus
744 253 844 316 essent,

136 324 271 392 effugeret
288 322 362 376 canis
381 321 508 390 Hyrcano
526 321 561 374 de
580 322 682 377 semine
700 339 781 391 saepe
958 340 993 382 πο

91 429 98 444 =
136 400 271 468 cornigeri
289 399 426 452 incursum
444 398 518 453 cerri
536 402 724 466 tremeretque
740 415 791 468 per
808 417 888 454 auras

136 476 209 529 aeris
226 474 357 544 accipiter
373 474 480 542 fugiens
497 475 623 529 veniente
641 474 770 542 columba,

137 550 297 622 desiperent
314 552 446 617 homines,
464 555 593 620 saperent
609 551 669 605 fera
685 553 774 607 saecla
790 553 919 608 ferarum.

135 629 205 682 illud
223 630 295 683 enim
313 628 381 682 falsa
397 628 487 682 fertur
504 629 618 694 ratione,
637 628 711 697 quod
727 630 804 684 aiunt

133 706 308 762 inmortalem
325 705 443 759 animam
460 710 566 759 mutato
586 720 699 773 comere
716 705 795 761 flecti
956 722 993 765 rsa

137 783 213 851 qnod
229 786 354 836 mutatur
370 781 443 836 enim
462 782 626 847 dissolvitur,
643 781 739 836 interit
756 799 829 851 ergo.

136 859 301 912 traiciuntur
319 859 391 912 enim
408 862 503 928 partes
520 862 604 926 atque
622 857 718 912 ordine
735 859 868 928 migrem

63 992 66 996 Δ
138 952 223 1002 quare
241 936 353 988 dissolui
372 951 482 1004 quoque
500 934 604 988 debent
621 951 700 1004 posse
717 939 869 1004 perantia,

138 1011 257 1080 denique
274 1014 307 1065 ut
323 1012 461 1066 intereant
477 1028 532 1065 una
549 1027 611 1065 curn
628 1027 743 1081 corpore
760 1017 881 1069 cunctae.

136 1088 178 1140 sin
195 1089 299 1141 animas
316 1087 456 1141 hominum
474 1087 566 1142 dicent
583 1088 612 1141 iu
629 1103 744 1155 corpora
760 1105 869 1158 semper
954 1105 992 1147 roo

137 1164 179 1218 iro
195 1164 320 1231 humana,
338 1167 430 1217 tamen
448 1179 578 1233 quaeram
596 1180 646 1218 cur
663 1180 679 1217 e
698 1164 815 1231 sapienti

137 1240 223 1294 stulta
240 1243 324 1307 queat
342 1239 409 1308 fieri,
426 1255 477 1293 nec
494 1238 615 1307 prudens
633 1239 670 1292 sit
687 1256 757 1308 puer
773 1239 853 1307 ullus,

136 1332 158 1364 ⁸1
169 1332 220 1364 NON
233 1332 309 1365 cnara
321 1332 366 1364 SUO
379 1331 439 1370 QUIA
451 1331 541 1364 suumn
558 1330 706 1371 REMINIOQUE

136 1409 188 1447 nec
205 1397 263 1446 tam
282 1392 378 1446 doctus
395 1409 483 1461 equae
500 1393 591 1461 pullus
609 1409 690 1460 quam
708 1393 787 1446 fortis
805 1394 868 1462 equi
886 1395 945 1451 visi

135 1468 241 1522 scilicet
258 1468 286 1521 in
304 1470 399 1522 tenero
417 1475 589 1522 tenerascere
607 1484 719 1537 corpore
737 1473 856 1525 mentem
954 1488 991 1529 ras

135 1544 301 1612 confugient.
319 1543 393 1613 quod
412 1544 434 1597 si
452 1545 505 1596 iam
523 1544 563 1608 fit,
580 1544 686 1598 fateare
702 1551 840 1601 necessest

135 1621 281 1674 mortalem
298 1636 358 1674 csse
375 1619 500 1687 animam,
519 1620 645 1687 quoniam
663 1625 770 1675 mutata
786 1640 837 1692 per
854 1629 931 1680 artus

135 1700 215 1751 tanto
233 1713 316 1764 opere
333 1695 437 1749 amittit
454 1696 540 1749 vitam
558 1713 723 1765 sensumque
740 1697 866 1766 priorem

135 1788 226 1842 quove
242 1772 324 1825 modo
342 1771 445 1839 poterit
463 1773 568 1840 pariter
585 1789 778 1842 cumcorpore
795 1791 905 1845 quoquo

135 1849 298 1902 confirmata
315 1849 437 1917 cupitum
454 1848 554 1902 aetatis
571 1852 686 1917 tangere
704 1849 798 1904 florem
952 1866 990 1907 770

137 1926 179 1978 vis
197 1925 287 1990 animi,
304 1924 355 1977 nisi
374 1924 427 1978 erit
444 1940 554 1977 consors
572 1925 600 1978 in
618 1925 723 1993 origine
740 1927 845 1993 primal

136 2001 240 2070 quidve
257 2002 330 2053 foras
348 2000 399 2054 sibi
416 1999 477 2055 vult
494 2000 625 2055 membris
642 2001 718 2055 exire
736 2004 871 2060 senectisl

134 2093 171 2130 an
188 2077 289 2130 metuit
306 2077 431 2131 conclusa
447 2092 558 2132 manere
575 2078 604 2130 in
621 2095 734 2147 corpore
750 2080 826 2148 putri

135 2157 166 2207 et
184 2153 281 2207 domus
299 2153 400 2207 aetatis
418 2153 506 2221 spatio
523 2170 558 2208 ne
575 2154 648 2208 fessa
665 2158 774 2209 vetusto

126 2229 254 2283 ⁴obruat?
271 2232 302 2283 at
318 2245 371 2282 non
389 2232 453 2282 sunt
470 2229 617 2284 immortali
635 2230 690 2284 ulla
707 2232 815 2299 pericla.
955 2247 991 2288 775

171 2305 299 2374 Denique
316 2304 430 2359 conubia
447 2304 484 2358 ad
496 2305 612 2360 Veneris
629 2310 780 2375 partusque
796 2308 916 2362 ferarum

134 2398 197 2435 esse
214 2382 317 2435 animas
334 2385 445 2450 praesto
462 2380 644 2435 deridiculum
661 2399 721 2436 esse
738 2384 855 2452 videtur,

131 2461 281 2527 expectare
296 2457 458 2512 immortalis
476 2458 602 2513 mortalia
618 2460 741 2514 membra

133 2534 278 2587 innumero
296 2550 408 2589 numero
426 2537 587 2604 certareque
605 2541 853 2605 praeproperanter

133 2613 209 2669 inter
226 2626 256 2664 se
273 2627 344 2680 quae
361 2611 450 2680 prima
467 2611 661 2680 potissimaque
679 2612 844 2679 insinuatum
955 2627 991 2667 rso

134 2687 158 2739 si
176 2703 230 2740 non
248 2687 320 2742 forte
337 2688 378 2741 ita
395 2690 459 2740 sunt
476 2686 627 2741 animarum
644 2687 757 2742 foedera
773 2692 855 2757 pacta

133 2764 167 2816 ut
184 2778 256 2831 quae
272 2764 364 2832 prima
378 2763 471 2816 volans
488 2763 630 2818 advenerit
647 2763 799 2817 insinuetur

132 2838 224 2909 prima
241 2854 331 2908 nequo
347 2839 421 2893 inter
438 2855 468 2892 se
485 2838 652 2894 contendant
668 2839 772 2893 viribus
789 2839 882 2894 hilum.

171 2915 299 2984 Denique
315 2917 344 2969 in
363 2916 475 2969 aetliore
492 2932 545 2969 uon
563 2915 652 2984 arbor,
669 2931 723 2969 non
742 2932 861 2985 aequore
878 2915 907 2968 in
924 2915 981 2970 alto

133 2991 222 3046 nubes
239 3007 301 3047 esse
317 2997 422 3060 queunt
439 3008 489 3045 nec
507 2992 594 3059 pisces
612 2992 704 3044 vivere
721 2991 749 3042 in
767 2991 838 3042 arvis
953 3003 989 3043 res

133 3084 186 3122 nec
203 3084 285 3123 cruor
302 3069 329 3121 in
347 3067 428 3136 lignis
445 3082 535 3135 neque
553 3066 625 3117 saris
643 3079 722 3116 sucus
739 3064 836 3115 inesse.

131 3148 241 3199 certum
259 3159 292 3198 ac
310 3143 501 3212 dispositumst
518 3138 567 3191 ubi
585 3137 709 3204 quicquit
725 3137 878 3195 creseatot
893 3132 965 3185 insit.
