2190 3398
52 84 100 141 ¹oo
169 68 174 73 '
449 84 523 142 1111

60 186 147 240 usluto
163 187 276 255 missum,
293 187 346 243 iad
363 202 434 257 queo
450 189 556 258 possint
572 188 669 243 ordine
687 189 785 243 eodem

59 279 114 332 quo
131 262 235 318 fuerint
251 267 282 319 et
297 264 396 318 formai
413 280 523 319 seruere
539 265 663 334 figulum,

59 343 89 393 et
106 340 194 396 multo
212 340 300 409 citius,
318 344 422 409 quanto
440 340 530 395 minus
546 340 705 411 indupediri

58 433 147 485 peuce
163 422 267 485 quesmt
284 420 314 470 et
332 419 396 471 sunt
414 417 448 470 in
464 417 553 485 prime
569 416 661 471 fronte
677 417 773 472 leonte

58 509 123 547 nem
140 497 218 548 certe
234 484 324 547 iacer‘e
341 496 373 547 ee‘
390 493 485 561 largiri
502 493 589 548 multu
606 492 738 560 uidemus,

59 585 112 623 uon
130 570 217 623 solum
234 585 268 622 ex
286 569 342 623 elto
359 569 532 639 penitusque,
550 572 582 623 ut
600 568 720 623 diximus
736 570 810 637 ente,

59 662 154 700 verum
172 645 208 699 de
225 644 337 699 summis
353 646 443 714 ipsum
461 661 569 715 quoque
586 661 669 715 saepe
685 645 809 699 colorem.

60 724 90 775 et
108 721 186 789 volgo
202 721 307 775 iaciunt
323 721 354 775 id
370 722 446 775 luten
463 738 595 791 russaque
612 721 673 777 vela

60 801 90 851 et
107 796 252 865 ferrugine,
265 802 333 851 'cum
351 797 456 866 magnis
473 797 581 852 intenta
598 797 715 855 theatris

61 889 110 942 por
127 873 215 927 malos
229 872 338 941 volgata
355 873 501 942 trabesque
518 872 666 928 trementia
683 872 789 927 ssutunt.

61 965 177 1018 nemque
193 948 232 1003 ibi
249 965 403 1003 consessum
422 950 514 1004 eeveui
532 954 629 1020 supter
646 953 676 1004 et
693 963 800 1003 omnem

61 1026 167 1080 sesenai
182 1025 311 1096 speciem,
325 1028 440 1095 potrum
458 1029 621 1095 coetumque
638 1025 768 1080 decorum

60 1102 185 1156 inficiunt
201 1105 356 1170 coguntque
374 1118 422 1156 suo
439 1102 548 1155 fluitare
566 1102 664 1156 colore.

62 1182 91 1233 et
108 1181 210 1248 quanto
228 1178 329 1232 circum
346 1194 427 1246 mage
444 1180 508 1231 sunt
525 1174 629 1231 incluse
646 1177 749 1232 theatri

62 1255 203 1323 moenibu'‚
221 1258 278 1309 tam
295 1254 382 1322 mugis
400 1254 467 1309 lnoc
484 1254 559 1307 intus
576 1254 687 1322 perfusa
703 1253 798 1322 lepore

62 1330 152 1384 omnia
169 1330 311 1386 consident
329 1335 456 1400 correpta
473 1329 533 1384 luce
551 1328 613 1383 diei.
651 1348 653 1353 ·

62 1423 126 1475 ergo
143 1406 228 1461 linteo
245 1407 280 1461 de
298 1423 404 1461 summo
421 1423 484 1460 cum
502 1422 616 1474 corpore
632 1406 724 1460 fucum

62 1485 183 1550 mittunt
202 1484 305 1552 effigias
323 1500 430 1553 quoque
450 1482 553 1537 debent
569 1483 682 1553 mittere
698 1482 788 1537 tenuis
889 1498 915 1537 et

62 1575 107 1612 res
124 1576 256 1627 quaeque,
274 1576 309 1614 es
327 1576 431 1613 summo
450 1558 576 1626 quonium
593 1558 747 1612 inciduntur
763 1560 891 1627 utroque.

63 1639 127 1689 sunt
144 1635 228 1703 igitur
245 1635 300 1688 iam
318 1636 465 1689 formarum
484 1634 600 1702 vestigio
618 1638 695 1689 certo
874 1631 876 1635 ’

62 1728 132 1778 quae
149 1710 227 1780 volgo
246 1712 363 1777 volitent
380 1710 473 1780 suptili
490 1710 619 1780 praedita
636 1709 682 1764 filo

62 1804 112 1840 nec
130 1786 287 1855 singillatim
305 1793 419 1856 possunt
437 1790 548 1841 secrete
563 1785 657 1840 uideri.

62 1865 206 1932 praeterea
223 1863 309 1916 omnis
327 1864 395 1917 odor
412 1863 502 1917 fumus
520 1878 604 1932 vapor
622 1865 706 1932 atque
723 1861 793 1916 eliee
810 1879 856 1916 res
889 1876 915 1917 so

63 1939 214 1994 consimiles
231 1938 294 1993 ideo
312 1939 426 1994 diffusae
443 1957 459 1994 e
477 1939 559 1992 rebus
571 1938 724 2009 'abundent

63 2034 98 2071 ex
116 2016 171 2071 alto
190 2016 253 2086 quis
270 2015 336 2070 dum
354 2015 468 2069 veniunt
484 2015 649 2068 intrinsecus
667 2016 753 2079 ortuo,

64 2094 225 2148 scinduntur
242 2109 292 2162 per
309 2092 363 2145 iter
381 2091 492 2160 flexum,
510 2108 561 2144 nec
578 2094 655 2145 reete
671 2091 777 2144 viarum

64 2171 135 2224 ostia
152 2173 216 2224 sunt
234 2185 288 2237 qua
306 2168 474 2223 contendant
492 2167 568 2221 exire
586 2170 702 2221 eooitee.

64 2249 94 2299 at
112 2249 207 2300 contre
224 2246 315 2299 tenuis
334 2244 431 2298 summi
449 2243 608 2305 membrana
625 2243 724 2298 coloris
892 2258 918 2297 ss

62 2338 125 2376 cum
141 2322 246 2389 iacitur,
264 2321 303 2375 nil
321 2320 454 2390 estquod
472 2337 533 2373 enm
551 2320 706 2389 discerpere
723 2318 818 2389 possit,

63 2398 92 2452 in
109 2403 240 2469 promptu
257 2398 384 2467 quoniam
401 2396 489 2450 estin
507 2396 596 2465 prime
612 2396 703 2450 fronte
719 2394 816 2450 locutu

65 2479 204 2544 postremo
223 2474 339 2544 speculis
356 2474 384 2527 in
403 2489 476 2542 sque
493 2471 694 2542 splendoreque
705 2472 734 2524 in
752 2471 825 2529 omni

66 2567 252 2620 quaecumque
269 2552 404 2620 apparent
420 2547 499 2603 nobis
517 2547 670 2615 simulacre,
688 2550 835 2615 necessest,

65 2626 286 2696 quondoquidem
304 2625 384 2679 simili
402 2625 493 2694 speeie
510 2629 574 2679 sunt
591 2624 719 2695 praedite
734 2637 827 2677 rerum
881 2635 920 2675 1oo

66 2702 180 2769 ext-imo,
199 2702 361 2770 imaginibus
378 2702 468 2755 missis
486 2703 633 2758 consistere
651 2702 751 2754 rerum.

65 2791 119 2821 ΝΛΜ
129 2791 178 2823 GUR
187 2792 244 2822 ILLA
254 2792 351 2824 cenum*
361 2793 437 2824 MAGIS
447 2793 480 2824 AB
490 2791 618 2831 REBUSQUE
629 2789 755 2823 neonem

65 2853 120 2884 ΝΛΜ
130 2854 195 2890 QUAE
206 2855 300 2888 Tuum
310 2858 372 2890 SUNT
382 2858 523 2890 snscunmsu
532 2857 615 2890 NULLA
627 2858 741 2890 Perseus

66 2917 131 2966 sunt
146 2916 230 2980 igitur
247 2922 345 2973 tenues
361 2923 465 2974 formae
483 2936 575 2974 rerum
594 2920 749 2986 similesque
826 2920 829 2925 '

66 2985 179 3051 effigies,
197 2989 353 3054 singillatim
371 3011 440 3061 ques
458 3011 570 3048 cernere
588 3011 668 3048 nemo
695 3022 698 3027 ·
882 3008 919 3049 105

67 3073 129 3141 cum
146 3059 233 3124 possit
251 3065 350 3129 tamen,
368 3069 483 3121 adsiduo
501 3069 653 3136 crebroque
670 3070 783 3139 repulsu

66 3133 184 3182 relectae
201 3132 321 3187 reddunt
339 3140 509 3203 speculorum
531 3158 566 3196 ex
583 3150 703 3211 aequore
720 3144 818 3212 visum,
