2190 3398
532 81 618 138 ΙΙΙΙΥ
939 85 995 144 101

140 203 222 254 quun
240 186 366 242 manibus
383 186 528 240 manifesta
545 187 602 240 suis
619 187 746 242 emittere
763 205 901 260 quoquam

141 268 171 318 et
188 264 291 318 violare
310 262 393 317 fidem
412 263 528 331 primam
547 265 576 316 et
594 262 746 318 convellere
764 270 824 320 totu
961 284 998 323 sos

141 340 322 395 fundamenta
340 339 438 408 quibus
457 339 569 394 nixatur
586 339 643 394 vita
660 341 793 410 salusque.

142 433 195 471 non
214 416 297 471 modo
316 416 388 471 enim
406 416 478 470 ratio
497 421 560 471 ruat
578 420 671 485 omnis,
689 420 746 473 vim
764 437 874 492 quoque
891 422 951 491 ipsa

142 494 268 549 concidat
286 494 432 563 extemplo,
450 494 502 548 nisi
520 494 633 549 credere
652 495 775 551 sensibus
793 499 866 552 ausis

142 570 354 641 praecipitisque
373 571 446 625 locos
463 571 551 625 vitare
570 576 598 626 et
616 576 709 628 cetera
727 590 798 643 quac
816 575 871 630 sint

142 647 171 700 in
188 664 290 716 genere
308 648 358 702 hoo
375 647 511 716 fugienda,
532 650 610 720 sequi
627 651 764 705 contraria
781 669 852 721 quae
869 652 931 708 sint
961 666 999 707 oro

142 724 190 777 illa
208 724 260 778 tibi
279 728 322 779 est
339 724 429 792 igitur.
443 725 588 780 verbonnn
607 728 685 796 eopia
702 744 778 782 cassa

143 802 231 856 omnis
249 819 320 872 quae
338 805 434 857 contra
451 819 547 857 sensus
564 803 699 859 instructa
716 809 845 875 paratast

143 876 264 947 deniquo
275 881 313 932 'nt
330 878 359 931 in
377 878 487 949 fabrica,
505 880 528 933 si
546 885 658 951 pravast
675 881 770 950 regula
787 881 884 951 prima,

143 969 294 1023 uonnaquc
311 954 335 1007 si
352 955 435 1009 fallax
453 958 536 1010 rectis
554 957 712 1025 regionibus
730 958 795 1024 exit,

142 1033 173 1085 et
191 1030 282 1085 libello
301 1032 391 1102 aliqua
408 1034 432 1086 si
449 1050 485 1087 ex
502 1034 576 1102 parti
594 1034 730 1088 claudicat
747 1034 839 1104 hilum,
961 1051 998 1089 ara

142 1107 236 1161 omnia
252 1107 383 1162 mendose
397 1109 458 1164 fieri
475 1113 560 1179 atquc
578 1110 688 1180 obstipa
704 1127 816 1165 necesso
834 1115 878 1166 est

141 1200 228 1253 prava
246 1185 375 1239 cubantia
392 1203 477 1256 prona
495 1187 592 1255 supina
609 1191 695 1257 atque
711 1187 813 1242 absona
831 1190 912 1255 tecta,

142 1260 199 1315 iam
216 1277 296 1316 ruere
314 1265 346 1316 ut
364 1263 500 1331 quaedam
517 1264 664 1318 videantur
681 1264 758 1329 velle,
777 1266 916 1332 ruantque

142 1336 255 1407 prodita
272 1338 379 1392 iudiciis
396 1339 537 1394 fallacibus
554 1342 645 1395 omnia
661 1341 764 1410 primis,

142 1413 184 1468 sic
199 1410 284 1482 igitur
301 1414 373 1468 ratio
389 1414 441 1469 tibi
459 1432 552 1470 rerum
569 1433 653 1486 prava
670 1420 809 1473 necessest
961 1434 998 1473 mo

141 1489 266 1559 falsaque
284 1490 423 1558 aalma
442 1509 631 1563 quaecumque
648 1494 683 1548 ab
702 1494 826 1549 sensibus
843 1499 932 1551 ortast

178 1565 259 1620 Nunc
276 1566 322 1620 alii
341 1584 437 1622 sensus
455 1585 509 1638 quo
526 1573 607 1637 pacto
626 1571 742 1641 quisque
760 1587 837 1625 suam
850 1517 988 1649 reu'i'lll'

144 1642 253 1710 sentiat,
273 1642 485 1714 haudquaquam
502 1645 573 1699 ratio
592 1662 722 1717 scruposa
739 1647 836 1702 relicta
852 1652 903 1703 est

180 1718 316 1788 Principio
335 1719 446 1774 auditur
464 1737 546 1775 sonus
564 1725 594 1776 et
612 1724 777 1790 sexennis,
795 1724 823 1777 in
841 1726 915 1779 auris

141 1795 281 1849 insinuata
298 1811 347 1848 suo
364 1796 494 1866 pepulere
511 1797 559 1850 ubi
577 1814 691 1868 corpore
709 1816 825 1855 sensum.
960 1817 998 1854 aas

142 1887 301 1941 corpoream
320 1889 412 1927 ocean
430 1891 539 1944 quoque
558 1876 631 1929 enim
649 1880 775 1932 constare
791 1878 962 1933 fatendumst

142 1951 173 2003 ct
191 1949 318 2016 sonitum,
337 1951 463 2018 quoniam
482 1955 598 2021 possunt
615 1952 747 2023 inpellere
765 1970 867 2009 sensus

142 2029 288 2096 praeterea
305 2026 380 2081 radit
397 2043 450 2081 vox
467 2028 559 2081 lauces
576 2045 660 2099 saepe
677 2030 810 2098 facitque¹

142 2102 283 2171 asperiora
299 2102 373 2156 foras
390 2103 519 2173 gradiens
537 2106 639 2159 arteria
657 2106 764 2161 clamor.

142 2179 246 2249 quippe
263 2195 314 2248 per
331 2183 478 2248 angustum
496 2180 578 2235 turba
595 2183 697 2237 maiore
714 2188 808 2239 coorta
960 2199 998 2238 roo

142 2255 184 2309 ire
202 2256 275 2309 foras
292 2255 340 2309 ubi
358 2261 507 2325 coeperunt
524 2259 675 2326 primordia
692 2277 796 2328 vocum,

142 2331 247 2386 scilicet
264 2331 367 2400 expleti
385 2349 494 2402 quoquc
511 2334 592 2388 ianua
609 2335 715 2390 raditur
732 2338 793 2391 eris.

143 2408 218 2462 haud
235 2408 321 2477 igitur
338 2409 480 2464 dubiumst
498 2410 563 2480 quin
582 2428 661 2466 voces
678 2413 816 2481 uerbaque
833 2416 962 2470 constent

143 2486 281 2554 corporeis
299 2502 315 2540 c
332 2486 480 2556 principiis,
497 2490 529 2541 ut
546 2488 657 2543 laedere
674 2490 786 2558 possint.

143 2575 194 2615 nec
211 2565 240 2615 te
257 2562 328 2615 fallit
346 2562 413 2617 item
431 2561 499 2632 quid
516 2565 637 2634 eorporis
654 2565 761 2620 auferat
778 2569 808 2620 et
826 2566 893 2635 quid
960 2582 997 2622 aa

144 2636 327 2721 detrahathex
344 2639 484 2693 hominum
501 2642 592 2695 nervis
609 2658 641 2695 ac
658 2641 761 2696 viribus
778 2642 845 2712 ipsis

144 2717 295 2784 perpetuus
314 2732 402 2770 sermo
420 2717 508 2784 nigrai
524 2719 614 2773 noctis
632 2719 667 2772 od
685 2718 809 2773 umbram

144 2807 259 2846 aurorae
276 2793 428 2862 perductus
445 2793 481 2846 ab
499 2795 640 2849 exoriente
658 2795 754 2862 nitore,

142 2868 307 2934 pracsertim
325 2869 349 2922 si
365 2886 427 2923 cnm
444 2874 578 2925 summost
595 2870 712 2925 clamore
729 2869 864 2939 profusus.

142 2960 210 3012 ergo
227 2961 386 3015 corpoream
404 2963 497 3001 vocem
515 2952 640 3002 constare
656 2951 803 3013 necessest,
959 2963 998 3002 eso

142 3021 231 3075 multa
247 3021 362 3089 loquens
380 3023 507 3090 quoniam
526 3022 629 3074 amittit
646 3020 683 3074 de
700 3036 813 3088 corpore
830 3023 945 3088 partem

100 3111 131 3146 su
142 3097 279 3165 asperitas
295 3100 388 3151 autem
406 3097 479 3148 vocis
496 3097 529 3148 fit
546 3096 582 3147 ab
599 3095 748 3162 asperitate

142 3170 338 3240 principiorum
356 3169 472 3223 etitem
489 3167 565 3220 levor
581 3167 673 3221 levore
690 3169 805 3219 creatur.
