2190 3398
95 101 134 158 84
494 95 548 153 III

92 206 176 271 atqne
193 202 277 256 otiam
296 199 394 270 potius,
411 199 435 253 si
453 216 600 269 numquam
618 200 656 254 sis
674 199 837 268 moriturus?

93 278 160 347 quid
178 276 384 346 respondemus,
401 275 454 329 nisi
471 276 571 330 iustam
589 277 733 332 intendere
751 277 828 331 litem
912 289 950 331 too

93 358 220 407 naturam
238 357 268 408 et
286 368 378 407 veram
396 352 488 406 verbis
506 348 644 420 exponere
661 354 788 407 causaml

49 447 81 479 sss
92 429 224 497 grandior
240 429 286 483 hic
302 445 367 483 vero
385 428 409 482 si
426 428 480 481 iam
499 428 643 498 seniorque
662 435 795 497 queratur

50 525 82 556 aa
94 508 179 573 atque
196 506 302 559 obitum
320 504 486 558 lamentetur
503 504 587 558 miser
605 504 723 574 amplius
741 521 835 573 aequo,

93 597 147 635 non
164 582 271 636 merito·
281 579 410 634 inclamet
426 581 515 650 magis
532 584 562 634 et
578 597 644 636 voce
662 581 785 649 increIet
801 579 876 634 acril

49 673 82 704 on
93 657 183 709 ‘aufer
191 656 290 709 abhinc
299 656 432 724 lacrimas,
441 656 555 723 balatro,
565 660 594 710 et
603 672 746 726 compesce
752 655 898 725 querellas.
910 670 949 712 aot
967 658 970 662 ’

94 731 184 786 omnia
201 732 361 801 perfunctus
378 733 446 786 vitai
463 733 586 802 praemia
602 749 714 786 marcos.

93 808 144 861 sed
161 808 225 876 quia
243 825 351 877 sempor
368 825 432 862 aves
450 808 524 878 quod
542 809 627 875 abest,
647 808 802 878 praesentia
819 808 930 876 temnis,

92 884 245 954 inperfecta
263 884 315 938 tibi
333 884 453 954 elapsast
470 884 633 954 ingrataque
651 886 707 939 rita

93 962 123 1013 et
140 976 191 1014 nec
208 960 329 1029 opinanti
347 976 420 1014 mors
437 961 474 1014 ad
492 965 575 1030 caput
591 961 701 1016 adstitit
718 964 783 1015 ante

92 1053 174 1105 quam
193 1041 269 1090 satur
286 1052 317 1090 ae
334 1037 431 1105 plenus
448 1038 536 1106 possis
554 1037 696 1092 discedere
715 1054 814 1091 rerum.
909 1052 949 1092 am

92 1126 165 1166 nunc
181 1112 269 1166 aliona
285 1116 335 1167 tua
352 1115 445 1167 tamen
462 1118 554 1168 aetate
572 1114 663 1167 omnia
680 1114 761 1168 rrritte

91 1206 180 1258 aequo
197 1189 342 1259 animoque
359 1189 478 1258 agedum
495 1190 621 1244 humanis
638 1189 770 1244 concede:
788 1190 946 1244 necessest‘

92 1265 159 1330 iure,
176 1269 209 1320 nt
226 1266 329 1336 opinor,
347 1269 420 1334 agat,
436 1266 497 1320 iure
515 1266 638 1336 increpet
655 1265 809 1334 incilotque.

93 1343 168 1396 cedit
186 1344 258 1396 enim
275 1360 367 1398 rerum
385 1343 508 1397 novitate
526 1348 638 1397 extrusa
657 1346 779 1397 vetustas

92 1434 209 1488 sempor,
228 1422 257 1474 et
275 1436 310 1474 ex
327 1420 388 1474 aliis
406 1419 481 1472 aliud
498 1435 628 1488 reparare
646 1423 791 1473 necessest.
908 1435 947 1473 aas

92 1510 144 1548 nec
160 1495 304 1564 quisquam
321 1494 528 1549 in·barathrum
546 1512 596 1548 noc
615 1493 728 1549 Tartara
745 1493 857 1548 deditur
874 1499 945 1550 atra

91 1570 221 1623 materies
239 1587 307 1640 opus
325 1574 367 1626 est
384 1576 416 1625 ut
433 1575 558 1625 crescant
575 1574 686 1639 postem
703 1571 805 1636 saecla3

92 1662 164 1714 quae
180 1649 273 1700 tamen
291 1649 381 1702 omnia
397 1648 501 1722 texuita
517 1649 671 1723 perfuncta,
681 1651 845 1715 sequentum

91 1738 142 1776 nce
153 1723 243 1776 minus
255 1740 320 1793 crgo
332 1729 396 1779 anto
408 1723 568 1802 haeqquam
580 1723 756 1800 tupecidere,
767 1723 933 1793 cadentque.

92 1798 132 1851 sic
149 1797 210 1852 alid'
223 1815 258 1852 ex
276 1800 328 1853 alio
346 1817 494 1868 rrarmqrram
512 1800 628 1854 desistet
645 1799 712 1853 oriri
727 1838 729 1843 >
907 1815 947 1855 aro

91 1874 205 1943 vitaque
222 1875 356 1943 mancipio
373 1876 440 1929 nulli
458 1876 549 1944 datur,
568 1876 693 1931 omnibns
711 1894 770 1932 usu.

92 1951 198 2017 respice
214 1950 282 2005 item
300 1968 382 2021 quam
399 1952 438 2005 nil
455 1954 491 2006 ad
509 1969 559 2006 nos
576 1959 703 2007 anteacta
719 1956 843 2009 vetustas

29 2026 35 2033 '
92 2026 223 2095 temporis
240 2028 345 2082 aeterni
362 2028 453 2096 fuerit,
471 2047 552 2098 quam
571 2028 706 2083 nascimur
724 2034 798 2086 ante.

92 2102 144 2156 hoc
159 2103 245 2171 igitur
262 2104 401 2173 speculum
418 2105 497 2159 nobis
514 2109 614 2158 natura
629 2105 716 2159 futuri

92 2180 224 2249 temporis
242 2182 353 2249 exponit
370 2185 568 2250 postmortem
586 2182 705 2251 denique
722 2185 853 2237 nostram.
906 2198 945 2237 aas

92 2257 225 2326 numquid
243 2256 282 2310 ibi
300 2257 430 2311 horribile
447 2261 652 2327 apparatuum
670 2259 751 2313 triste
768 2258 878 2313 videtur

91 2333 246 2401 quicquam,
263 2349 317 2386 non
335 2333 408 2387 omni
427 2350 521 2387 somno
539 2336 660 2388 securius
679 2336 786 2390 exstatt

127 2409 222 2478 Atque
234 2425 267 2463 ea
277 2409 405 2463 nimirum
417 2427 604 2478 quaecumque
617 2410 776 2467 Acherunte
788 2411 925 2480 profundo

91 2485 202 2553 prodita
219 2489 283 2539 sunt
300 2502 367 2552 esso,
385 2486 412 2539 in
431 2487 488 2540 rita
506 2490 570 2540 sunt
587 2488 678 2541 omnia
695 2488 780 2541 uobis.

91 2578 141 2614 nec
158 2561 242 2615 miser
258 2561 411 2630 inpendens
428 2579 557 2631 magnum
575 2563 656 2616 timet
674 2579 738 2617 nore
755 2580 851 2617 saxum
902 2579 941 2618 aso

92 2637 230 2704 Tantalus,
248 2641 279 2691 ut
296 2637 402 2704 famast,
421 2655 497 2693 cassa
514 2638 659 2692 formidine
677 2642 806 2708 torpens;

90 2713 141 2766 sed
158 2714 246 2782 magis
263 2714 291 2767 in
309 2715 365 2768 rita
383 2715 474 2768 divom
493 2720 583 2769 metus
599 2717 680 2783 urget
698 2715 785 2770 inanis
815 2762 820 2776 ,

89 2789 213 2842 mortalis
230 2806 378 2857 casumque
396 2791 495 2845 timent
512 2808 593 2858 quem
611 2791 710 2860 cuique
726 2790 799 2844 ierat
815 2790 879 2847 fors

89 2878 141 2913 nec
158 2863 255 2928 Tityon
275 2865 399 2919 volucres
416 2867 512 2919 ineunt
531 2866 690 2920 Acherunte
707 2866 842 2921 iacentem

89 2949 142 2985 nee
158 2936 232 2999 qnod
249 2937 300 2988 sub
317 2955 415 3006 magno
433 2944 590 2995 scrutentur
606 2945 718 3008 pectore
735 2943 880 3012 quicquam
903 2957 942 2997 aas

89 3009 250 3089 perpetuam
267 3015 388 3065 aetatem
405 3019 520 3081 possunt
537 3017 658 3082 reperire
676 3017 807 3084 prolecto.

90 3077 242 3142 quamhbet
258 3081 368 3137 immani
386 3088 510 3154 proiectu
527 3091 650 3157 eorporis
668 3097 767 3157 exstat,

90 3151 138 3215 qui
155 3165 209 3201 non
226 3151 283 3204 sola
299 3171 395 3209 norem
414 3161 546 3227 dispessis
558 3164 660 3231 iugera
676 3167 808 3223 rnembris
