<?xml version="1.0" encoding="UTF-8"?>
<!DOCTYPE html PUBLIC "-//W3C//DTD XHTML 1.0 Transitional//EN"
    "http://www.w3.org/TR/xhtml1/DTD/xhtml1-transitional.dtd">
<html xmlns="http://www.w3.org/1999/xhtml" xml:lang="en" lang="en">
 <head>
  <title>
</title>
<meta http-equiv="Content-Type" content="text/html;charset=utf-8" />
  <meta name='ocr-system' content='tesseract 3.04.00' />
  <meta name='ocr-capabilities' content='ocr_page ocr_carea ocr_par ocr_line ocrx_word'/>
</head>
<body>
  <div class='ocr_page' id='page_1' title='image "./tlucreticarider08munrgoog_0233.png"; bbox 0 0 2176 3404; ppageno 0'>
   <div class='ocr_carea' id='block_1_1' title="bbox 75 56 518 122">
    <p class='ocr_par' dir='ltr' id='par_1_1' title="bbox 75 56 518 122">
     <span class='ocr_line' id='line_1_1' title="bbox 75 56 518 122; baseline 0.016 -8"><span class='ocrx_word' id='word_1_1' title='bbox 75 56 133 115; x_wconf 79' lang='lat'><strong>184</strong></span> <span class='ocrx_word' id='word_1_2' title='bbox 468 60 518 122; x_wconf 86' lang='lat' dir='ltr'><strong>VI</strong></span> 
     </span>
    </p>
   </div>
   <div class='ocr_carea' id='block_1_2' title="bbox 14 165 1013 3322">
    <p class='ocr_par' dir='ltr' id='par_1_2' title="bbox 22 165 759 239">
     <span class='ocr_line' id='line_1_2' title="bbox 22 165 759 239; baseline 0.011 -22"><span class='ocrx_word' id='word_1_3' title='bbox 22 185 64 218; x_wconf 58' lang='lat' dir='ltr'><strong>rm</strong></span> <span class='ocrx_word' id='word_1_4' title='bbox 72 176 121 214; x_wconf 86' lang='lat' dir='ltr'><strong>aer</strong></span> <span class='ocrx_word' id='word_1_5' title='bbox 135 179 155 216; x_wconf 85' lang='lat' dir='ltr'><strong>a</strong></span> <span class='ocrx_word' id='word_1_6' title='bbox 171 165 251 231; x_wconf 77' lang='lat' dir='ltr'><strong>tergo</strong></span> <span class='ocrx_word' id='word_1_7' title='bbox 268 167 346 233; x_wconf 75' lang='lat' dir='ltr'><strong>qimai</strong></span> <span class='ocrx_word' id='word_1_8' title='bbox 364 167 498 235; x_wconf 77' lang='lat' dir='ltr'><strong>provehat</strong></span> <span class='ocrx_word' id='word_1_9' title='bbox 515 170 599 238; x_wconf 82' lang='lat' dir='ltr'><strong>atque</strong></span> <span class='ocrx_word' id='word_1_10' title='bbox 616 169 759 239; x_wconf 86' lang='lat' dir='ltr'><strong>propellat.</strong></span> 
     </span>
    </p>

    <p class='ocr_par' dir='ltr' id='par_1_3' title="bbox 72 240 786 314">
     <span class='ocr_line' id='line_1_3' title="bbox 72 240 786 314; baseline 0.014 -23"><span class='ocrx_word' id='word_1_11' title='bbox 72 255 182 308; x_wconf 86' lang='lat' dir='ltr'><strong>semper</strong></span> <span class='ocrx_word' id='word_1_12' title='bbox 199 240 272 293; x_wconf 88' lang='lat' dir='ltr'><strong>enim</strong></span> <span class='ocrx_word' id='word_1_13' title='bbox 290 242 497 311; x_wconf 84' lang='lat' dir='ltr'><strong>circumpositus</strong></span> <span class='ocrx_word' id='word_1_14' title='bbox 514 261 559 299; x_wconf 88' lang='lat' dir='ltr'><strong>res</strong></span> <span class='ocrx_word' id='word_1_15' title='bbox 576 245 705 300; x_wconf 84' lang='lat' dir='ltr'><strong>verberat</strong></span> <span class='ocrx_word' id='word_1_16' title='bbox 722 263 786 314; x_wconf 87' lang='lat' dir='ltr'><strong>aer;</strong></span> 
     </span>
    </p>

    <p class='ocr_par' dir='ltr' id='par_1_4' title="bbox 72 315 720 390">
     <span class='ocr_line' id='line_1_4' title="bbox 72 315 720 390; baseline 0.012 -22"><span class='ocrx_word' id='word_1_17' title='bbox 72 316 122 369; x_wconf 91' lang='lat' dir='ltr'><strong>sed</strong></span> <span class='ocrx_word' id='word_1_18' title='bbox 139 315 189 370; x_wconf 88' lang='lat' dir='ltr'><strong>tali</strong></span> <span class='ocrx_word' id='word_1_19' title='bbox 207 317 240 369; x_wconf 89' lang='lat' dir='ltr'><strong>lit</strong></span> <span class='ocrx_word' id='word_1_20' title='bbox 257 319 299 372; x_wconf 90' lang='lat' dir='ltr'><strong>uti</strong></span> <span class='ocrx_word' id='word_1_21' title='bbox 315 319 594 390; x_wconf 80' lang='lat' dir='ltr'><strong>propellat&#39;tempore</strong></span> <span class='ocrx_word' id='word_1_22' title='bbox 611 322 720 389; x_wconf 80' lang='lat' dir='ltr'><strong>ferrum,</strong></span> 
     </span>
    </p>

    <p class='ocr_par' dir='ltr' id='par_1_5' title="bbox 21 393 933 618">
     <span class='ocr_line' id='line_1_5' title="bbox 71 393 933 469; baseline 0.003 -18"><span class='ocrx_word' id='word_1_23' title='bbox 71 397 152 462; x_wconf 76' lang='lat' dir='ltr'><strong>perse</strong></span> <span class='ocrx_word' id='word_1_24' title='bbox 169 393 244 463; x_wconf 81' lang='lat' dir='ltr'><strong>quod</strong></span> <span class='ocrx_word' id='word_1_25' title='bbox 261 411 296 449; x_wconf 84' lang='lat' dir='ltr'><strong>ex</strong></span> <span class='ocrx_word' id='word_1_26' title='bbox 313 412 368 449; x_wconf 86' lang='lat' dir='ltr'><strong>una</strong></span> <span class='ocrx_word' id='word_1_27' title='bbox 386 397 504 466; x_wconf 88' lang='lat' dir='ltr'><strong>spatium</strong></span> <span class='ocrx_word' id='word_1_28' title='bbox 522 402 601 452; x_wconf 81' lang='lat' dir='ltr'><strong>vacat</strong></span> <span class='ocrx_word' id='word_1_29' title='bbox 619 403 648 453; x_wconf 88' lang='lat' dir='ltr'><strong>et</strong></span> <span class='ocrx_word' id='word_1_30' title='bbox 665 401 739 469; x_wconf 81' lang='lat' dir='ltr'><strong>capit</strong></span> <span class='ocrx_word' id='word_1_31' title='bbox 756 401 784 454; x_wconf 93' lang='lat' dir='ltr'><strong>in</strong></span> <span class='ocrx_word' id='word_1_32' title='bbox 802 417 839 454; x_wconf 90' lang='lat' dir='ltr'><strong>se.</strong></span> <span class='ocrx_word' id='word_1_33' title='bbox 881 412 933 454; x_wconf 79' lang='lat' dir='ltr'><strong>roso</strong></span> 
     </span>
     <span class='ocr_line' id='line_1_6' title="bbox 21 470 855 542; baseline 0.016 -25"><span class='ocrx_word' id='word_1_34' title='bbox 21 471 123 537; x_wconf 73' lang='lat' dir='ltr'><strong>nenio,</strong></span> <span class='ocrx_word' id='word_1_35' title='bbox 140 470 193 524; x_wconf 91' lang='lat' dir='ltr'><strong>tibi</strong></span> <span class='ocrx_word' id='word_1_36' title='bbox 210 488 293 540; x_wconf 90' lang='lat' dir='ltr'><strong>quem</strong></span> <span class='ocrx_word' id='word_1_37' title='bbox 311 472 443 541; x_wconf 71' lang='lat' dir='ltr'><strong>memoro,v</strong></span> <span class='ocrx_word' id='word_1_38' title='bbox 456 491 506 542; x_wconf 88' lang='lat' dir='ltr'><strong>per</strong></span> <span class='ocrx_word' id='word_1_39' title='bbox 524 476 621 530; x_wconf 79' lang='lat' dir='ltr'><strong>crebra</strong></span> <span class='ocrx_word' id='word_1_40' title='bbox 638 476 771 530; x_wconf 76' lang='lat' dir='ltr'><strong>foramina</strong></span> <span class='ocrx_word' id='word_1_41' title='bbox 789 477 855 530; x_wconf 83' lang='lat' dir='ltr'><strong>ferri</strong></span> 
     </span>
     <span class='ocr_line' id='line_1_7' title="bbox 72 547 677 618; baseline 0.01 -17"><span class='ocrx_word' id='word_1_42' title='bbox 72 565 170 617; x_wconf 80' lang='lat' dir='ltr'><strong>parvas</strong></span> <span class='ocrx_word' id='word_1_43' title='bbox 187 547 224 602; x_wconf 86' lang='lat' dir='ltr'><strong>ad</strong></span> <span class='ocrx_word' id='word_1_44' title='bbox 241 549 329 618; x_wconf 87' lang='lat' dir='ltr'><strong>partis</strong></span> <span class='ocrx_word' id='word_1_45' title='bbox 348 550 487 605; x_wconf 68' lang='lat' dir='ltr'><strong>subtiliter</strong></span> <span class='ocrx_word' id='word_1_46' title='bbox 503 552 656 608; x_wconf 86' lang='lat' dir='ltr'><strong>insinuatus</strong></span> <span class='ocrx_word' id='word_1_47' title='bbox 675 582 677 587; x_wconf 41' lang='lat' dir='ltr'>v</span> 
     </span>
    </p>

    <p class='ocr_par' dir='ltr' id='par_1_6' title="bbox 21 625 941 930">
     <span class='ocr_line' id='line_1_8' title="bbox 71 625 808 699; baseline 0.008 -21"><span class='ocrx_word' id='word_1_48' title='bbox 71 625 161 679; x_wconf 87' lang='lat' dir='ltr'><strong>trudit</strong></span> <span class='ocrx_word' id='word_1_49' title='bbox 179 628 208 680; x_wconf 84' lang='lat' dir='ltr'><strong>et</strong></span> <span class='ocrx_word' id='word_1_50' title='bbox 225 626 340 697; x_wconf 80' lang='lat' dir='ltr'><strong>inpellit,</strong></span> <span class='ocrx_word' id='word_1_51' title='bbox 361 629 439 695; x_wconf 85' lang='lat' dir='ltr'><strong>quasi</strong></span> <span class='ocrx_word' id='word_1_52' title='bbox 456 644 553 682; x_wconf 80' lang='lat' dir='ltr'><strong>nerem</strong></span> <span class='ocrx_word' id='word_1_53' title='bbox 571 630 685 699; x_wconf 74' lang='lat' dir='ltr'><strong>velaque</strong></span> <span class='ocrx_word' id='word_1_54' title='bbox 701 633 808 685; x_wconf 83' lang='lat' dir='ltr'><strong>ventus.</strong></span> 
     </span>
     <span class='ocr_line' id='line_1_9' title="bbox 21 702 857 775; baseline 0.016 -26"><span class='ocrx_word' id='word_1_55' title='bbox 21 702 193 770; x_wconf 74' lang='lat' dir='ltr'><strong>rondenique</strong></span> <span class='ocrx_word' id='word_1_56' title='bbox 210 719 255 756; x_wconf 86' lang='lat' dir='ltr'><strong>res</strong></span> <span class='ocrx_word' id='word_1_57' title='bbox 272 720 368 758; x_wconf 87' lang='lat' dir='ltr'><strong>omnes</strong></span> <span class='ocrx_word' id='word_1_58' title='bbox 386 703 490 759; x_wconf 90' lang='lat' dir='ltr'><strong>debent</strong></span> <span class='ocrx_word' id='word_1_59' title='bbox 507 707 536 759; x_wconf 92' lang='lat' dir='ltr'><strong>in</strong></span> <span class='ocrx_word' id='word_1_60' title='bbox 553 723 667 775; x_wconf 87' lang='lat' dir='ltr'><strong>corpore</strong></span> <span class='ocrx_word' id='word_1_61' title='bbox 684 707 786 761; x_wconf 89' lang='lat' dir='ltr'><strong>habere</strong></span> <span class='ocrx_word' id='word_1_62' title='bbox 853 732 857 739; x_wconf 60' lang='lat'><strong><em>¹</em></strong></span> 
     </span>
     <span class='ocr_line' id='line_1_10' title="bbox 72 779 941 852; baseline 0.003 -19"><span class='ocrx_word' id='word_1_63' title='bbox 72 796 144 847; x_wconf 86' lang='lat' dir='ltr'><strong>aera,</strong></span> <span class='ocrx_word' id='word_1_64' title='bbox 162 779 384 849; x_wconf 87' lang='lat' dir='ltr'><strong>quandoquidem</strong></span> <span class='ocrx_word' id='word_1_65' title='bbox 402 799 465 836; x_wconf 88' lang='lat' dir='ltr'><strong>raro</strong></span> <span class='ocrx_word' id='word_1_66' title='bbox 483 787 547 837; x_wconf 85' lang='lat' dir='ltr'><strong>sunt</strong></span> <span class='ocrx_word' id='word_1_67' title='bbox 564 799 678 852; x_wconf 81' lang='lat' dir='ltr'><strong>corpore</strong></span> <span class='ocrx_word' id='word_1_68' title='bbox 695 787 726 839; x_wconf 86' lang='lat' dir='ltr'><strong>et</strong></span> <span class='ocrx_word' id='word_1_69' title='bbox 742 800 790 838; x_wconf 87' lang='lat' dir='ltr'><strong>aer</strong></span> <span class='ocrx_word' id='word_1_70' title='bbox 881 786 941 836; x_wconf 73' lang='lat'><strong>1035‘</strong></span> 
     </span>
     <span class='ocr_line' id='line_1_11' title="bbox 72 856 784 930; baseline 0.007 -21"><span class='ocrx_word' id='word_1_71' title='bbox 72 857 198 911; x_wconf 89' lang='lat' dir='ltr'><strong>omnibus</strong></span> <span class='ocrx_word' id='word_1_72' title='bbox 215 860 259 911; x_wconf 87' lang='lat' dir='ltr'><strong>est</strong></span> <span class='ocrx_word' id='word_1_73' title='bbox 277 856 360 911; x_wconf 86' lang='lat' dir='ltr'><strong>rebus</strong></span> <span class='ocrx_word' id='word_1_74' title='bbox 378 859 563 915; x_wconf 81' lang='lat' dir='ltr'><strong>circumdatus</strong></span> <span class='ocrx_word' id='word_1_75' title='bbox 580 860 784 930; x_wconf 83' lang='lat' dir='ltr'><strong>adpositusque.</strong></span> 
     </span>
    </p>

    <p class='ocr_par' dir='ltr' id='par_1_7' title="bbox 73 932 783 1005">
     <span class='ocr_line' id='line_1_12' title="bbox 73 932 783 1005; baseline 0.007 -19"><span class='ocrx_word' id='word_1_76' title='bbox 73 932 116 987; x_wconf 84' lang='lat' dir='ltr'><strong>hic</strong></span> <span class='ocrx_word' id='word_1_77' title='bbox 133 934 225 1002; x_wconf 81' lang='lat' dir='ltr'><strong>igitur,</strong></span> <span class='ocrx_word' id='word_1_78' title='bbox 244 935 353 1003; x_wconf 90' lang='lat' dir='ltr'><strong>penitus</strong></span> <span class='ocrx_word' id='word_1_79' title='bbox 371 936 463 1005; x_wconf 90' lang='lat' dir='ltr'><strong>quiin</strong></span> <span class='ocrx_word' id='word_1_80' title='bbox 481 936 582 991; x_wconf 85' lang='lat' dir='ltr'><strong>ferrost</strong></span> <span class='ocrx_word' id='word_1_81' title='bbox 599 936 710 990; x_wconf 85' lang='lat' dir='ltr'><strong>abditus</strong></span> <span class='ocrx_word' id='word_1_82' title='bbox 727 953 783 1005; x_wconf 89' lang='lat' dir='ltr'><strong>aer,</strong></span> 
     </span>
    </p>

    <p class='ocr_par' dir='ltr' id='par_1_8' title="bbox 73 1011 706 1082">
     <span class='ocr_line' id='line_1_13' title="bbox 73 1011 706 1082; baseline 0.008 -19"><span class='ocrx_word' id='word_1_83' title='bbox 73 1011 187 1065; x_wconf 80' lang='lat' dir='ltr'><strong>sollicito</strong></span> <span class='ocrx_word' id='word_1_84' title='bbox 205 1013 283 1065; x_wconf 88' lang='lat' dir='ltr'><strong>motu</strong></span> <span class='ocrx_word' id='word_1_85' title='bbox 301 1028 410 1080; x_wconf 78' lang='lat' dir='ltr'><strong>semper</strong></span> <span class='ocrx_word' id='word_1_86' title='bbox 426 1013 547 1067; x_wconf 81' lang='lat' dir='ltr'><strong>laetatur</strong></span> <span class='ocrx_word' id='word_1_87' title='bbox 564 1029 652 1082; x_wconf 85' lang='lat' dir='ltr'><strong>eoque</strong></span> <span class='ocrx_word' id='word_1_88' title='bbox 703 1044 706 1049; x_wconf 95' lang='lat'>·</span> 
     </span>
    </p>

    <p class='ocr_par' dir='ltr' id='par_1_9' title="bbox 73 1086 763 1156">
     <span class='ocr_line' id='line_1_14' title="bbox 73 1086 763 1156; baseline 0.004 -15"><span class='ocrx_word' id='word_1_89' title='bbox 73 1086 203 1142; x_wconf 84' lang='lat' dir='ltr'><strong>verberat</strong></span> <span class='ocrx_word' id='word_1_90' title='bbox 220 1088 339 1142; x_wconf 81' lang='lat' dir='ltr'><strong>anellum</strong></span> <span class='ocrx_word' id='word_1_91' title='bbox 356 1087 441 1142; x_wconf 86' lang='lat' dir='ltr'><strong>dubio</strong></span> <span class='ocrx_word' id='word_1_92' title='bbox 457 1090 551 1156; x_wconf 81' lang='lat' dir='ltr'><strong>procul</strong></span> <span class='ocrx_word' id='word_1_93' title='bbox 570 1093 600 1143; x_wconf 92' lang='lat' dir='ltr'><strong>et</strong></span> <span class='ocrx_word' id='word_1_94' title='bbox 616 1090 673 1143; x_wconf 85' lang='lat' dir='ltr'><strong>ciet</strong></span> <span class='ocrx_word' id='word_1_95' title='bbox 688 1090 763 1144; x_wconf 87' lang='lat' dir='ltr'><strong>intus</strong></span> 
     </span>
    </p>

    <p class='ocr_par' dir='ltr' id='par_1_10' title="bbox 74 1160 934 1313">
     <span class='ocr_line' id='line_1_15' title="bbox 74 1160 934 1235; baseline 0 -16"><span class='ocrx_word' id='word_1_96' title='bbox 74 1163 192 1220; x_wconf 86' lang='lat' dir='ltr'><strong>scilicet:</strong></span> <span class='ocrx_word' id='word_1_97' title='bbox 210 1165 257 1218; x_wconf 89' lang='lat' dir='ltr'><strong>ille</strong></span> <span class='ocrx_word' id='word_1_98' title='bbox 268 1165 369 1220; x_wconf 83' lang='lat' dir='ltr'><strong>,eodem</strong></span> <span class='ocrx_word' id='word_1_99' title='bbox 386 1166 476 1219; x_wconf 88' lang='lat' dir='ltr'><strong>fertur</strong></span> <span class='ocrx_word' id='word_1_100' title='bbox 493 1182 547 1235; x_wconf 88' lang='lat' dir='ltr'><strong>quo</strong></span> <span class='ocrx_word' id='word_1_101' title='bbox 562 1160 759 1235; x_wconf 59' lang='lat' dir='ltr'><strong>&#39;praecipitavit</strong></span> <span class='ocrx_word' id='word_1_102' title='bbox 825 1194 827 1199; x_wconf 69' lang='lat'>,</span> <span class='ocrx_word' id='word_1_103' title='bbox 882 1179 934 1220; x_wconf 81' lang='lat' dir='ltr'><strong>lon</strong></span> 
     </span>
     <span class='ocr_line' id='line_1_16' title="bbox 74 1241 877 1313; baseline 0.001 -19"><span class='ocrx_word' id='word_1_104' title='bbox 74 1241 128 1294; x_wconf 91' lang='lat' dir='ltr'><strong>iam</strong></span> <span class='ocrx_word' id='word_1_105' title='bbox 146 1242 230 1296; x_wconf 88' lang='lat' dir='ltr'><strong>semel</strong></span> <span class='ocrx_word' id='word_1_106' title='bbox 248 1244 278 1295; x_wconf 87' lang='lat' dir='ltr'><strong>et</strong></span> <span class='ocrx_word' id='word_1_107' title='bbox 294 1243 448 1311; x_wconf 77' lang='lat' dir='ltr'><strong>partemin</strong></span> <span class='ocrx_word' id='word_1_108' title='bbox 465 1259 579 1296; x_wconf 77' lang='lat' dir='ltr'><strong>vacuam</strong></span> <span class='ocrx_word' id='word_1_109' title='bbox 596 1242 737 1296; x_wconf 82' lang='lat' dir='ltr'><strong>conamina</strong></span> <span class='ocrx_word' id='word_1_110' title='bbox 754 1245 877 1313; x_wconf 78' lang='lat' dir='ltr'><strong>sumpsit.</strong></span> 
     </span>
    </p>

    <p class='ocr_par' dir='ltr' id='par_1_11' title="bbox 74 1318 933 1779">
     <span class='ocr_line' id='line_1_17' title="bbox 111 1318 875 1388; baseline 0 -16"><span class='ocrx_word' id='word_1_111' title='bbox 111 1318 157 1372; x_wconf 82' lang='lat' dir='ltr'><strong>Fit</strong></span> <span class='ocrx_word' id='word_1_112' title='bbox 174 1335 284 1388; x_wconf 89' lang='lat' dir='ltr'><strong>quoque</strong></span> <span class='ocrx_word' id='word_1_113' title='bbox 294 1322 333 1372; x_wconf 54' lang='lat' dir='ltr'><strong>¹ut</strong></span> <span class='ocrx_word' id='word_1_114' title='bbox 350 1318 483 1388; x_wconf 64' lang='lat' dir='ltr'><strong>inlepide·</strong></span> <span class='ocrx_word' id='word_1_115' title='bbox 493 1318 545 1373; x_wconf 88' lang='lat' dir='ltr'><strong>hee</strong></span> <span class='ocrx_word' id='word_1_116' title='bbox 562 1318 628 1373; x_wconf 78' lang='lat' dir='ltr'><strong>ferri</strong></span> <span class='ocrx_word' id='word_1_117' title='bbox 645 1322 744 1373; x_wconf 83' lang='lat' dir='ltr'><strong>natura</strong></span> <span class='ocrx_word' id='word_1_118' title='bbox 761 1318 875 1372; x_wconf 86' lang='lat' dir='ltr'><strong>recedat</strong></span> 
     </span>
     <span class='ocr_line' id='line_1_18' title="bbox 74 1390 818 1470; baseline -0.001 -22"><span class='ocrx_word' id='word_1_119' title='bbox 74 1395 222 1470; x_wconf 83' lang='lat' dir='ltr'><strong>interdum,</strong></span> <span class='ocrx_word' id='word_1_120' title='bbox 240 1395 335 1463; x_wconf 83' lang='lat' dir='ltr'><strong>fugere</strong></span> <span class='ocrx_word' id='word_1_121' title='bbox 345 1399 436 1464; x_wconf 86' lang='lat' dir='ltr'><strong>atque</strong></span> <span class='ocrx_word' id='word_1_122' title='bbox 454 1390 818 1464; x_wconf 75' lang='lat' dir='ltr'><strong>aequi&#39;·e0nsuetavicissin1.</strong></span> 
     </span>
     <span class='ocr_line' id='line_1_19' title="bbox 76 1472 765 1538; baseline -0.001 -12"><span class='ocrx_word' id='word_1_123' title='bbox 76 1472 201 1538; x_wconf 61' lang='lat' dir='ltr'><strong>exultem</strong></span> <span class='ocrx_word' id='word_1_124' title='bbox 220 1473 305 1527; x_wconf 87' lang='lat' dir='ltr'><strong>etiam</strong></span> <span class='ocrx_word' id='word_1_125' title='bbox 323 1472 510 1528; x_wconf 77' lang='lat' dir='ltr'><strong>Samothracia</strong></span> <span class='ocrx_word' id='word_1_126' title='bbox 526 1473 617 1527; x_wconf 85' lang='lat' dir='ltr'><strong>ferrea</strong></span> <span class='ocrx_word' id='word_1_127' title='bbox 634 1472 690 1526; x_wconf 82' lang='lat' dir='ltr'><strong>vidi</strong></span> <span class='ocrx_word' id='word_1_128' title='bbox 762 1502 765 1508; x_wconf 90' lang='lat'>-</span> 
     </span>
     <span class='ocr_line' id='line_1_20' title="bbox 75 1548 933 1609; baseline 0.001 -7"><span class='ocrx_word' id='word_1_129' title='bbox 75 1552 248 1609; x_wconf 80' lang='lat' dir='ltr'><strong>atramenta</strong></span> <span class='ocrx_word' id='word_1_130' title='bbox 265 1549 346 1603; x_wconf 89' lang='lat' dir='ltr'><strong>simul</strong></span> <span class='ocrx_word' id='word_1_131' title='bbox 362 1549 429 1603; x_wconf 89' lang='lat' dir='ltr'><strong>ferri</strong></span> <span class='ocrx_word' id='word_1_132' title='bbox 446 1548 537 1603; x_wconf 82' lang='lat' dir='ltr'><strong>furem</strong></span> <span class='ocrx_word' id='word_1_133' title='bbox 554 1549 628 1602; x_wconf 89' lang='lat' dir='ltr'><strong>intus</strong></span> <span class='ocrx_word' id='word_1_134' title='bbox 645 1548 740 1603; x_wconf 82' lang='lat' dir='ltr'><strong>ahenis</strong></span> <span class='ocrx_word' id='word_1_135' title='bbox 847 1572 851 1579; x_wconf 93' lang='lat'>·</span> <span class='ocrx_word' id='word_1_136' title='bbox 873 1556 933 1603; x_wconf 72' lang='lat' dir='ltr'><strong>&#39;loss</strong></span> 
     </span>
     <span class='ocr_line' id='line_1_21' title="bbox 75 1625 855 1696; baseline 0.001 -17"><span class='ocrx_word' id='word_1_137' title='bbox 75 1627 104 1680; x_wconf 90' lang='lat' dir='ltr'><strong>in</strong></span> <span class='ocrx_word' id='word_1_138' title='bbox 122 1625 245 1695; x_wconf 75' lang='lat' dir='ltr'><strong>seaplriis</strong></span> <span class='ocrx_word' id='word_1_139' title='bbox 262 1626 333 1696; x_wconf 88' lang='lat' dir='ltr'><strong>lapis</strong></span> <span class='ocrx_word' id='word_1_140' title='bbox 349 1626 394 1680; x_wconf 88' lang='lat' dir='ltr'><strong>hie</strong></span> <span class='ocrx_word' id='word_1_141' title='bbox 412 1626 527 1695; x_wconf 82' lang='lat' dir='ltr'><strong>Magnes</strong></span> <span class='ocrx_word' id='word_1_142' title='bbox 544 1643 606 1680; x_wconf 89' lang='lat' dir='ltr'><strong>eum</strong></span> <span class='ocrx_word' id='word_1_143' title='bbox 625 1625 752 1680; x_wconf 88' lang='lat' dir='ltr'><strong>subditus</strong></span> <span class='ocrx_word' id='word_1_144' title='bbox 769 1629 855 1680; x_wconf 87' lang='lat' dir='ltr'><strong>esset:</strong></span> 
     </span>
     <span class='ocr_line' id='line_1_22' title="bbox 76 1701 772 1779; baseline -0.001 -24"><span class='ocrx_word' id='word_1_145' title='bbox 76 1719 162 1772; x_wconf 89' lang='lat' dir='ltr'><strong>usquo</strong></span> <span class='ocrx_word' id='word_1_146' title='bbox 179 1703 249 1756; x_wconf 81' lang='lat' dir='ltr'><strong>adeo</strong></span> <span class='ocrx_word' id='word_1_147' title='bbox 266 1704 363 1771; x_wconf 81' lang='lat' dir='ltr'><strong>fugere</strong></span> <span class='ocrx_word' id='word_1_148' title='bbox 380 1703 416 1757; x_wconf 86' lang='lat' dir='ltr'><strong>ab</strong></span> <span class='ocrx_word' id='word_1_149' title='bbox 433 1720 499 1757; x_wconf 80' lang='lat' dir='ltr'><strong>saxo</strong></span> <span class='ocrx_word' id='word_1_150' title='bbox 515 1701 772 1779; x_wconf 61' lang='lat' dir='ltr'><strong>gestire⁴uidetnr.‘</strong></span> 
     </span>
    </p>

    <p class='ocr_par' dir='ltr' id='par_1_12' title="bbox 76 1779 1013 2080">
     <span class='ocr_line' id='line_1_23' title="bbox 76 1779 802 1853; baseline -0.003 -20"><span class='ocrx_word' id='word_1_151' title='bbox 76 1796 139 1833; x_wconf 87' lang='lat' dir='ltr'><strong>aere</strong></span> <span class='ocrx_word' id='word_1_152' title='bbox 156 1779 318 1847; x_wconf 86' lang='lat' dir='ltr'><strong>interposito</strong></span> <span class='ocrx_word' id='word_1_153' title='bbox 336 1779 474 1834; x_wconf 80' lang='lat' dir='ltr'><strong>discordia</strong></span> <span class='ocrx_word' id='word_1_154' title='bbox 489 1783 569 1834; x_wconf 85' lang='lat' dir='ltr'><strong>tanta</strong></span> <span class='ocrx_word' id='word_1_155' title='bbox 586 1781 697 1853; x_wconf 84' lang='lat' dir='ltr'><strong>creatur</strong></span> <span class='ocrx_word' id='word_1_156' title='bbox 732 1810 734 1815; x_wconf 59' lang='lat'>&gt;</span> <span class='ocrx_word' id='word_1_157' title='bbox 793 1783 802 1796; x_wconf 79' lang='lat'><strong>⁹</strong></span> 
     </span>
     <span class='ocr_line' id='line_1_24' title="bbox 76 1850 811 1926; baseline -0.003 -17"><span class='ocrx_word' id='word_1_158' title='bbox 76 1858 225 1925; x_wconf 85' lang='lat' dir='ltr'><strong>propterea</strong></span> <span class='ocrx_word' id='word_1_159' title='bbox 242 1855 306 1924; x_wconf 90' lang='lat' dir='ltr'><strong>quia</strong></span> <span class='ocrx_word' id='word_1_160' title='bbox 323 1855 451 1909; x_wconf 88' lang='lat' dir='ltr'><strong>nimirum</strong></span> <span class='ocrx_word' id='word_1_161' title='bbox 468 1857 545 1926; x_wconf 90' lang='lat' dir='ltr'><strong>prius</strong></span> <span class='ocrx_word' id='word_1_162' title='bbox 563 1850 657 1909; x_wconf 81' lang='lat' dir='ltr'><strong>aestus</strong></span> <span class='ocrx_word' id='word_1_163' title='bbox 673 1853 722 1907; x_wconf 86' lang='lat' dir='ltr'><strong>ubi</strong></span> <span class='ocrx_word' id='word_1_164' title='bbox 739 1854 811 1908; x_wconf 87' lang='lat' dir='ltr'><strong>aeris</strong></span> 
     </span>
     <span class='ocr_line' id='line_1_25' title="bbox 76 1931 1013 2002; baseline -0.003 -15"><span class='ocrx_word' id='word_1_165' title='bbox 76 1932 218 2002; x_wconf 79' lang='lat' dir='ltr'><strong>praecepit</strong></span> <span class='ocrx_word' id='word_1_166' title='bbox 234 1931 356 2001; x_wconf 87' lang='lat' dir='ltr'><strong>ferrique</strong></span> <span class='ocrx_word' id='word_1_167' title='bbox 373 1931 431 1986; x_wconf 80' lang='lat' dir='ltr'><strong>rias</strong></span> <span class='ocrx_word' id='word_1_168' title='bbox 448 1931 572 2001; x_wconf 85' lang='lat' dir='ltr'><strong>possedit</strong></span> <span class='ocrx_word' id='word_1_169' title='bbox 590 1935 707 2002; x_wconf 86' lang='lat' dir='ltr'><strong>apertas,</strong></span> <span class='ocrx_word' id='word_1_170' title='bbox 886 1945 935 1984; x_wconf 73' lang='lat' dir='ltr'><strong>nso</strong></span> <span class='ocrx_word' id='word_1_171' title='bbox 1011 1972 1013 1975; x_wconf 87' lang='lat'>.</span> 
     </span>
     <span class='ocr_line' id='line_1_26' title="bbox 77 2008 786 2080; baseline -0.004 -16"><span class='ocrx_word' id='word_1_172' title='bbox 77 2009 214 2080; x_wconf 78' lang='lat' dir='ltr'><strong>posterior</strong></span> <span class='ocrx_word' id='word_1_173' title='bbox 231 2009 330 2077; x_wconf 83' lang='lat' dir='ltr'><strong>lapidis</strong></span> <span class='ocrx_word' id='word_1_174' title='bbox 347 2008 423 2063; x_wconf 82' lang='lat' dir='ltr'><strong>venit</strong></span> <span class='ocrx_word' id='word_1_175' title='bbox 441 2012 533 2063; x_wconf 88' lang='lat' dir='ltr'><strong>aestus</strong></span> <span class='ocrx_word' id='word_1_176' title='bbox 545 2013 580 2063; x_wconf 87' lang='lat' dir='ltr'><strong>&#39;et</strong></span> <span class='ocrx_word' id='word_1_177' title='bbox 598 2008 688 2062; x_wconf 84' lang='lat' dir='ltr'><strong>omnia</strong></span> <span class='ocrx_word' id='word_1_178' title='bbox 705 2008 786 2077; x_wconf 89' lang='lat' dir='ltr'><strong>plena</strong></span> 
     </span>
    </p>

    <p class='ocr_par' dir='ltr' id='par_1_13' title="bbox 76 2085 848 2233">
     <span class='ocr_line' id='line_1_27' title="bbox 76 2085 848 2155; baseline -0.001 -16"><span class='ocrx_word' id='word_1_179' title='bbox 76 2085 180 2141; x_wconf 83' lang='lat' dir='ltr'><strong>invenit</strong></span> <span class='ocrx_word' id='word_1_180' title='bbox 193 2085 227 2140; x_wconf 89' lang='lat' dir='ltr'><strong>in</strong></span> <span class='ocrx_word' id='word_1_181' title='bbox 244 2085 317 2141; x_wconf 81' lang='lat' dir='ltr'><strong>ferro</strong></span> <span class='ocrx_word' id='word_1_182' title='bbox 335 2100 424 2155; x_wconf 81' lang='lat' dir='ltr'><strong>neque</strong></span> <span class='ocrx_word' id='word_1_183' title='bbox 442 2085 527 2140; x_wconf 88' lang='lat' dir='ltr'><strong>habet</strong></span> <span class='ocrx_word' id='word_1_184' title='bbox 544 2102 599 2155; x_wconf 82' lang='lat' dir='ltr'><strong>qua</strong></span> <span class='ocrx_word' id='word_1_185' title='bbox 616 2089 710 2138; x_wconf 88' lang='lat' dir='ltr'><strong>tranet</strong></span> <span class='ocrx_word' id='word_1_186' title='bbox 726 2088 758 2139; x_wconf 89' lang='lat' dir='ltr'><strong>ut</strong></span> <span class='ocrx_word' id='word_1_187' title='bbox 776 2087 848 2139; x_wconf 86' lang='lat' dir='ltr'><strong>ante.</strong></span> 
     </span>
     <span class='ocr_line' id='line_1_28' title="bbox 77 2156 720 2233; baseline -0.005 -16"><span class='ocrx_word' id='word_1_188' title='bbox 77 2163 185 2233; x_wconf 84' lang='lat' dir='ltr'><strong>cogitur</strong></span> <span class='ocrx_word' id='word_1_189' title='bbox 203 2163 335 2218; x_wconf 80' lang='lat' dir='ltr'><strong>offensare</strong></span> <span class='ocrx_word' id='word_1_190' title='bbox 353 2162 437 2231; x_wconf 79' lang='lat' dir='ltr'><strong>igitur</strong></span> <span class='ocrx_word' id='word_1_191' title='bbox 453 2156 617 2232; x_wconf 83' lang='lat' dir='ltr'><strong>pulsareque</strong></span> <span class='ocrx_word' id='word_1_192' title='bbox 634 2161 720 2215; x_wconf 81' lang='lat' dir='ltr'><strong>fluctu</strong></span> 
     </span>
    </p>

    <p class='ocr_par' dir='ltr' id='par_1_14' title="bbox 77 2234 742 2309">
     <span class='ocr_line' id='line_1_29' title="bbox 77 2234 742 2309; baseline -0.005 -16"><span class='ocrx_word' id='word_1_193' title='bbox 77 2240 168 2294; x_wconf 88' lang='lat' dir='ltr'><strong>ferrea</strong></span> <span class='ocrx_word' id='word_1_194' title='bbox 185 2243 264 2295; x_wconf 84' lang='lat' dir='ltr'><strong>texta</strong></span> <span class='ocrx_word' id='word_1_195' title='bbox 281 2257 344 2305; x_wconf 90' lang='lat' dir='ltr'><strong>suo;</strong></span> <span class='ocrx_word' id='word_1_196' title='bbox 363 2234 519 2309; x_wconf 81' lang='lat' dir='ltr'><strong>quepaoto</strong></span> <span class='ocrx_word' id='word_1_197' title='bbox 534 2239 641 2308; x_wconf 81' lang='lat' dir='ltr'><strong>respuit</strong></span> <span class='ocrx_word' id='word_1_198' title='bbox 656 2237 693 2291; x_wconf 92' lang='lat' dir='ltr'><strong>ab</strong></span> <span class='ocrx_word' id='word_1_199' title='bbox 712 2254 742 2291; x_wconf 85' lang='lat' dir='ltr'><strong>se</strong></span> 
     </span>
    </p>

    <p class='ocr_par' dir='ltr' id='par_1_15' title="bbox 77 2313 936 2387">
     <span class='ocr_line' id='line_1_30' title="bbox 77 2313 936 2387; baseline -0.006 -16"><span class='ocrx_word' id='word_1_200' title='bbox 77 2321 223 2386; x_wconf 79' lang='lat' dir='ltr'><strong>atqueper</strong></span> <span class='ocrx_word' id='word_1_201' title='bbox 234 2333 282 2371; x_wconf 86' lang='lat' dir='ltr'><strong>aes</strong></span> <span class='ocrx_word' id='word_1_202' title='bbox 290 2317 388 2385; x_wconf 78' lang='lat' dir='ltr'><strong>agitat,</strong></span> <span class='ocrx_word' id='word_1_203' title='bbox 401 2316 460 2369; x_wconf 89' lang='lat' dir='ltr'><strong>sine</strong></span> <span class='ocrx_word' id='word_1_204' title='bbox 472 2332 504 2369; x_wconf 89' lang='lat' dir='ltr'><strong>eo</strong></span> <span class='ocrx_word' id='word_1_205' title='bbox 516 2314 592 2384; x_wconf 88' lang='lat' dir='ltr'><strong>quod</strong></span> <span class='ocrx_word' id='word_1_206' title='bbox 604 2331 686 2383; x_wconf 86' lang='lat' dir='ltr'><strong>saepe</strong></span> <span class='ocrx_word' id='word_1_207' title='bbox 696 2313 829 2368; x_wconf 80' lang='lat' dir='ltr'><strong>resorbet</strong></span> <span class='ocrx_word' id='word_1_208' title='bbox 852 2381 855 2387; x_wconf 25' lang='grc' dir='ltr'><strong><em>Ι</em></strong></span> <span class='ocrx_word' id='word_1_209' title='bbox 887 2327 936 2367; x_wconf 68' lang='lat' dir='ltr'><strong>rem</strong></span> 
     </span>
    </p>

    <p class='ocr_par' dir='ltr' id='par_1_16' title="bbox 115 2390 819 2460">
     <span class='ocr_line' id='line_1_31' title="bbox 115 2390 819 2460; baseline -0.009 -12"><span class='ocrx_word' id='word_1_210' title='bbox 115 2394 190 2448; x_wconf 88' lang='lat' dir='ltr'><strong>Illud</strong></span> <span class='ocrx_word' id='word_1_211' title='bbox 206 2394 235 2447; x_wconf 90' lang='lat' dir='ltr'><strong>in</strong></span> <span class='ocrx_word' id='word_1_212' title='bbox 253 2393 296 2447; x_wconf 86' lang='lat' dir='ltr'><strong>his</strong></span> <span class='ocrx_word' id='word_1_213' title='bbox 313 2391 396 2446; x_wconf 84' lang='lat' dir='ltr'><strong>rebus</strong></span> <span class='ocrx_word' id='word_1_214' title='bbox 414 2392 614 2459; x_wconf 81' lang='lat' dir='ltr'><strong>mirarimitte,</strong></span> <span class='ocrx_word' id='word_1_215' title='bbox 633 2390 707 2460; x_wconf 87' lang='lat' dir='ltr'><strong>quod</strong></span> <span class='ocrx_word' id='word_1_216' title='bbox 726 2393 819 2443; x_wconf 84' lang='lat' dir='ltr'><strong>aestus</strong></span> 
     </span>
    </p>

    <p class='ocr_par' dir='ltr' id='par_1_17' title="bbox 14 2466 938 3322">
     <span class='ocr_line' id='line_1_32' title="bbox 78 2466 834 2540; baseline -0.007 -17"><span class='ocrx_word' id='word_1_217' title='bbox 78 2485 133 2524; x_wconf 90' lang='lat' dir='ltr'><strong>non</strong></span> <span class='ocrx_word' id='word_1_218' title='bbox 150 2470 224 2524; x_wconf 86' lang='lat' dir='ltr'><strong>valet</strong></span> <span class='ocrx_word' id='word_1_219' title='bbox 242 2468 366 2540; x_wconf 79' lang='lat' dir='ltr'><strong>e&#39;lapide</strong></span> <span class='ocrx_word' id='word_1_220' title='bbox 383 2468 435 2523; x_wconf 88' lang='lat' dir='ltr'><strong>hoe</strong></span> <span class='ocrx_word' id='word_1_221' title='bbox 452 2468 519 2522; x_wconf 87' lang='lat' dir='ltr'><strong>alias</strong></span> <span class='ocrx_word' id='word_1_222' title='bbox 537 2468 678 2537; x_wconf 87' lang='lat' dir='ltr'><strong>impellere</strong></span> <span class='ocrx_word' id='word_1_223' title='bbox 695 2466 764 2520; x_wconf 87' lang='lat' dir='ltr'><strong>item</strong></span> <span class='ocrx_word' id='word_1_224' title='bbox 781 2482 834 2520; x_wconf 87' lang='lat' dir='ltr'><strong>res.</strong></span> 
     </span>
     <span class='ocr_line' id='line_1_33' title="bbox 79 2543 909 2616; baseline -0.007 -16"><span class='ocrx_word' id='word_1_225' title='bbox 79 2547 201 2614; x_wconf 89' lang='lat' dir='ltr'><strong>pondero</strong></span> <span class='ocrx_word' id='word_1_226' title='bbox 214 2546 286 2600; x_wconf 86' lang='lat' dir='ltr'><strong>enim</strong></span> <span class='ocrx_word' id='word_1_227' title='bbox 298 2547 386 2600; x_wconf 82' lang='lat' dir='ltr'><strong>fretae</strong></span> <span class='ocrx_word' id='word_1_228' title='bbox 397 2546 499 2616; x_wconf 89' lang='lat' dir='ltr'><strong>partim</strong></span> <span class='ocrx_word' id='word_1_229' title='bbox 512 2547 587 2598; x_wconf 88' lang='lat' dir='ltr'><strong>stant</strong></span> <span class='ocrx_word' id='word_1_230' title='bbox 596 2564 603 2609; x_wconf 81' lang='lat'><em>3</em></span> <span class='ocrx_word' id='word_1_231' title='bbox 612 2543 688 2613; x_wconf 88' lang='lat' dir='ltr'><strong>quod</strong></span> <span class='ocrx_word' id='word_1_232' title='bbox 699 2558 785 2611; x_wconf 82' lang='lat' dir='ltr'><strong>genus</strong></span> <span class='ocrx_word' id='word_1_233' title='bbox 797 2558 909 2608; x_wconf 79' lang='lat' dir='ltr'><strong>aurum3</strong></span> 
     </span>
     <span class='ocr_line' id='line_1_34' title="bbox 80 2621 855 2693; baseline -0.006 -17"><span class='ocrx_word' id='word_1_234' title='bbox 80 2626 110 2676; x_wconf 88' lang='lat' dir='ltr'><strong>et</strong></span> <span class='ocrx_word' id='word_1_235' title='bbox 126 2622 227 2692; x_wconf 91' lang='lat' dir='ltr'><strong>partim</strong></span> <span class='ocrx_word' id='word_1_236' title='bbox 245 2640 308 2677; x_wconf 89' lang='lat' dir='ltr'><strong>raro</strong></span> <span class='ocrx_word' id='word_1_237' title='bbox 326 2624 390 2692; x_wconf 88' lang='lat' dir='ltr'><strong>quia</strong></span> <span class='ocrx_word' id='word_1_238' title='bbox 407 2625 472 2676; x_wconf 89' lang='lat' dir='ltr'><strong>sunt</strong></span> <span class='ocrx_word' id='word_1_239' title='bbox 490 2637 553 2676; x_wconf 89' lang='lat' dir='ltr'><strong>eum</strong></span> <span class='ocrx_word' id='word_1_240' title='bbox 571 2621 742 2693; x_wconf 66' lang='lat' dir='ltr'><strong>serperent</strong></span> <span class='ocrx_word' id='word_1_241' title='bbox 762 2621 855 2672; x_wconf 85' lang='lat' dir='ltr'><strong>aestus</strong></span> 
     </span>
     <span class='ocr_line' id='line_1_35' title="bbox 80 2697 938 2767; baseline -0.007 -12"><span class='ocrx_word' id='word_1_242' title='bbox 80 2698 204 2764; x_wconf 77' lang='lat' dir='ltr'><strong>pervolet</strong></span> <span class='ocrx_word' id='word_1_243' title='bbox 220 2700 347 2764; x_wconf 83' lang='lat' dir='ltr'><strong>intactus,</strong></span> <span class='ocrx_word' id='word_1_244' title='bbox 365 2700 507 2767; x_wconf 85' lang='lat' dir='ltr'><strong>nequeunt</strong></span> <span class='ocrx_word' id='word_1_245' title='bbox 523 2697 650 2767; x_wconf 85' lang='lat' dir='ltr'><strong>inpellier</strong></span> <span class='ocrx_word' id='word_1_246' title='bbox 666 2710 797 2763; x_wconf 84' lang='lat' dir='ltr'><strong>usquam;</strong></span> <span class='ocrx_word' id='word_1_247' title='bbox 888 2709 938 2749; x_wconf 83' lang='lat' dir='ltr'><strong>neo</strong></span> 
     </span>
     <span class='ocr_line' id='line_1_36' title="bbox 79 2770 766 2842; baseline 0.001 -20"><span class='ocrx_word' id='word_1_248' title='bbox 79 2771 170 2838; x_wconf 75' lang='lat' dir='ltr'><strong>lignea</strong></span> <span class='ocrx_word' id='word_1_249' title='bbox 186 2775 316 2826; x_wconf 78' lang='lat' dir='ltr'><strong>materies</strong></span> <span class='ocrx_word' id='word_1_250' title='bbox 333 2775 362 2827; x_wconf 88' lang='lat' dir='ltr'><strong>in</strong></span> <span class='ocrx_word' id='word_1_251' title='bbox 379 2792 434 2842; x_wconf 89' lang='lat' dir='ltr'><strong>quo</strong></span> <span class='ocrx_word' id='word_1_252' title='bbox 451 2789 552 2841; x_wconf 80' lang='lat' dir='ltr'><strong>genere</strong></span> <span class='ocrx_word' id='word_1_253' title='bbox 570 2788 631 2827; x_wconf 89' lang='lat' dir='ltr'><strong>esse</strong></span> <span class='ocrx_word' id='word_1_254' title='bbox 648 2770 766 2825; x_wconf 85' lang='lat' dir='ltr'><strong>videtur.</strong></span> 
     </span>
     <span class='ocr_line' id='line_1_37' title="bbox 14 2846 678 2916; baseline 0.012 -21"><span class='ocrx_word' id='word_1_255' title='bbox 14 2884 15 2889; x_wconf 21' lang='grc' dir='ltr'>ι</span> <span class='ocrx_word' id='word_1_256' title='bbox 79 2846 271 2914; x_wconf 88' lang='lat' dir='ltr'><strong>interutraque</strong></span> <span class='ocrx_word' id='word_1_257' title='bbox 288 2849 374 2916; x_wconf 88' lang='lat' dir='ltr'><strong>igitur</strong></span> <span class='ocrx_word' id='word_1_258' title='bbox 390 2850 456 2903; x_wconf 88' lang='lat' dir='ltr'><strong>ferri</strong></span> <span class='ocrx_word' id='word_1_259' title='bbox 473 2851 573 2902; x_wconf 88' lang='lat' dir='ltr'><strong>natura</strong></span> <span class='ocrx_word' id='word_1_260' title='bbox 589 2849 678 2903; x_wconf 82' lang='lat' dir='ltr'><strong>locata</strong></span> 
     </span>
     <span class='ocr_line' id='line_1_38' title="bbox 80 2918 814 2993; baseline 0.012 -24"><span class='ocrx_word' id='word_1_261' title='bbox 80 2918 152 2970; x_wconf 79' lang='lat' dir='ltr'><strong>aeris</strong></span> <span class='ocrx_word' id='word_1_262' title='bbox 168 2919 216 2971; x_wconf 91' lang='lat' dir='ltr'><strong>ubi</strong></span> <span class='ocrx_word' id='word_1_263' title='bbox 231 2923 340 2990; x_wconf 85' lang='lat' dir='ltr'><strong>aceepit</strong></span> <span class='ocrx_word' id='word_1_264' title='bbox 354 2924 492 2990; x_wconf 83' lang='lat' dir='ltr'><strong>quaedam</strong></span> <span class='ocrx_word' id='word_1_265' title='bbox 510 2925 678 2993; x_wconf 81' lang='lat' dir='ltr'><strong>corpuscula,</strong></span> <span class='ocrx_word' id='word_1_266' title='bbox 697 2927 757 2977; x_wconf 88' lang='lat' dir='ltr'><strong>tum</strong></span> <span class='ocrx_word' id='word_1_267' title='bbox 775 2924 814 2990; x_wconf 80' lang='lat' dir='ltr'><strong>nt,</strong></span> 
     </span>
     <span class='ocr_line' id='line_1_39' title="bbox 14 2954 721 3322; baseline 0.018 -282"><span class='ocrx_word' id='word_1_268' title='bbox 14 2954 213 3322; x_wconf 35' lang='lat' dir='ltr'><strong>piapellant</strong></span> <span class='ocrx_word' id='word_1_269' title='bbox 230 2998 262 3047; x_wconf 91' lang='lat' dir='ltr'><strong>ut</strong></span> <span class='ocrx_word' id='word_1_270' title='bbox 280 2998 499 3065; x_wconf 82' lang='lat' dir='ltr'><strong>eam-Magnesia</strong></span> <span class='ocrx_word' id='word_1_271' title='bbox 517 2999 629 3054; x_wconf 85' lang='lat' dir='ltr'><strong>flumine</strong></span> <span class='ocrx_word' id='word_1_272' title='bbox 648 3016 721 3053; x_wconf 78' lang='lat' dir='ltr'><strong>saxa.</strong></span> 
     </span>
    </p>
   </div>
   <div class='ocr_carea' id='block_1_3' title="bbox 81 3067 938 3140">
    <p class='ocr_par' dir='ltr' id='par_1_18' title="bbox 81 3067 938 3140">
     <span class='ocr_line' id='line_1_40' title="bbox 81 3067 938 3140; baseline 0.022 -27"><span class='ocrx_word' id='word_1_273' title='bbox 81 3076 131 3115; x_wconf 81' lang='lat' dir='ltr'><strong>nee</strong></span> <span class='ocrx_word' id='word_1_274' title='bbox 148 3068 240 3118; x_wconf 87' lang='lat' dir='ltr'><strong>tamen</strong></span> <span class='ocrx_word' id='word_1_275' title='bbox 256 3067 324 3123; x_wconf 83' lang='lat' dir='ltr'><strong>haee</strong></span> <span class='ocrx_word' id='word_1_276' title='bbox 340 3072 461 3126; x_wconf 81' lang='lat' dir='ltr'><strong>itasunt</strong></span> <span class='ocrx_word' id='word_1_277' title='bbox 477 3075 592 3128; x_wconf 83' lang='lat' dir='ltr'><strong>aliarum</strong></span> <span class='ocrx_word' id='word_1_278' title='bbox 610 3092 704 3130; x_wconf 88' lang='lat' dir='ltr'><strong>rerum</strong></span> <span class='ocrx_word' id='word_1_279' title='bbox 722 3075 815 3140; x_wconf 72' lang='lat' dir='ltr'><strong>aliena,</strong></span> <span class='ocrx_word' id='word_1_280' title='bbox 888 3089 938 3130; x_wconf 77' lang='lat' dir='ltr'><strong>root</strong></span> 
     </span>
    </p>
   </div>
   <div class='ocr_carea' id='block_1_4' title="bbox 82 3136 884 3222">
    <p class='ocr_par' dir='ltr' id='par_1_19' title="bbox 82 3136 884 3222">
     <span class='ocr_line' id='line_1_41' title="bbox 82 3136 884 3222; baseline 0.032 -40"><span class='ocrx_word' id='word_1_281' title='bbox 82 3137 114 3184; x_wconf 88' lang='lat' dir='ltr'><strong>ut</strong></span> <span class='ocrx_word' id='word_1_282' title='bbox 130 3136 196 3187; x_wconf 89' lang='lat' dir='ltr'><strong>mihi</strong></span> <span class='ocrx_word' id='word_1_283' title='bbox 213 3141 300 3194; x_wconf 83' lang='lat' dir='ltr'><strong>multa</strong></span> <span class='ocrx_word' id='word_1_284' title='bbox 316 3160 413 3210; x_wconf 85' lang='lat' dir='ltr'><strong>parum</strong></span> <span class='ocrx_word' id='word_1_285' title='bbox 430 3164 532 3214; x_wconf 83' lang='lat' dir='ltr'><strong>genere</strong></span> <span class='ocrx_word' id='word_1_286' title='bbox 549 3166 583 3203; x_wconf 85' lang='lat' dir='ltr'><strong>ex</strong></span> <span class='ocrx_word' id='word_1_287' title='bbox 601 3151 653 3205; x_wconf 88' lang='lat' dir='ltr'><strong>hoe</strong></span> <span class='ocrx_word' id='word_1_288' title='bbox 670 3152 884 3222; x_wconf 82' lang='lat' dir='ltr'><strong>suppeditentur</strong></span> 
     </span>
    </p>
   </div>
   <div class='ocr_carea' id='block_1_5' title="bbox 0 0 1104 3404">
    <p class='ocr_par' dir='ltr' id='par_1_20' title="bbox 0 0 1104 3404">
     <span class='ocr_line' id='line_1_42' title="bbox 0 0 1104 3404; baseline 0 0"><span class='ocrx_word' id='word_1_289' title='bbox 0 0 1104 3404; x_wconf 95' lang='lat' dir='ltr'><strong> </strong></span> 
     </span>
    </p>
   </div>
  </div>
 </body>
</html>
