2176 3404
462 108 469 119 '
541 112 614 170 IIII
947 118 1003 173 119

141 235 252 289 semper
268 219 348 273 enim‘
358 221 456 287 partus
473 219 574 287 duplici
593 219 629 272 de
647 218 749 271 semine
766 222 882 286 constat,

139 298 226 364 atque
242 295 299 349 utri
317 294 433 349 similest
451 295 537 362 magis
553 294 584 348 id
602 293 794 364 quodcumque
811 298 928 365 creatur,
953 313 1002 352 123⁰

139 373 199 425 eius
216 371 301 425 habet
318 371 379 439 plus
397 374 478 439 parte
496 387 597 438 aequa3
616 370 690 439 quod
707 387 820 425 eernere
836 374 933 440 possis,

139 447 199 501 sive
217 448 306 500 virum
324 446 432 500 suboles
450 448 534 500 sivest
552 446 693 500 muliebris
711 448 793 515 origo.

177 523 235 577 Nee
253 523 344 579 divina
362 530 452 576 satum
469 523 619 590 genitalem
636 523 747 576 numina
764 522 891 592 cuiquam

51 642 59 649 .
138 600 306 667 absterrent,
325 603 438 666 patera
456 598 547 667 gnatis
564 615 600 652 ne
618 597 743 652 dulcibus
761 615 891 667 umquam
916 620 919 625 ·

138 675 295 744 appelletur
312 679 341 729 et
358 678 390 728 ut
409 675 495 728 sterili
512 674 862 742 Venere·exigataevom;
953 691 1002 730 12³5

138 752 214 820 quod
231 752 393 821 plerumque
411 754 511 819 putant
528 756 558 805 et
575 751 663 804 multo
681 751 811 818 sanguine
828 753 926 806 maesti

137 835 323 897 conspergant
342 842 403 880 aras
422 827 587 896 adolentque
605 827 702 881 altaria
720 826 822 894 donis,

136 908 170 957 ut
187 904 316 971 gravidas
333 903 453 958 reddant
472 920 574 957 uxores
592 904 695 956 semine
712 902 795 971 largo.

136 982 302 1050 nequiquam
321 981 412 1034 divom
429 997 531 1034 numen
550 979 687 1048 sortisque
704 980 827 1047 fatigant.

136 1073 200 1110 narn
218 1056 455 1110 sterilesnimium
473 1072 563 1111 crasse
582 1060 646 1109 sunt
664 1056 766 1109 semine
783 1056 884 1124 partim
952 1072 1001 1114 1240

136 1138 167 1186 ct
185 1133 287 1201 liquido
305 1136 415 1202 praeter
432 1133 534 1186 iustum
553 1132 683 1200 tenuique
699 1131 826 1185 vicissim.

135 1213 219 1263 tenve
237 1210 302 1263 locis
320 1209 386 1278 quia
402 1225 457 1262 non
474 1209 546 1278 potis
564 1211 608 1261 est
625 1208 747 1275 adfigere
764 1208 922 1277 adhaesum,

134 1286 250 1355 liquitur
267 1286 405 1355 extemplo
423 1289 452 1338 et
470 1287 627 1339 revocatum
645 1284 720 1338 cedit
737 1283 843 1339 abortu.

135 1362 253 1417 crassius
270 1363 313 1415 his
328 1378 412 1431 porro
430 1362 558 1431 quoniam
577 1360 729 1414 concretius
746 1376 833 1429 aequo

134 1438 264 1506 mittitur,
282 1443 330 1492 aut
347 1455 402 1492 non
418 1442 476 1492 tam
494 1438 600 1507 prolixo
617 1435 742 1506 provolat
759 1435 816 1489 ictu
951 1455 998 1493 1215

133 1517 184 1568 aut
201 1519 347 1584 penetrare
366 1515 439 1568 locos
457 1530 543 1582 aeque
560 1514 656 1581 nequit
673 1516 721 1566 aut
738 1517 912 1580 penetratum

133 1607 218 1660 aegre
236 1591 402 1645 admiscetur
419 1590 548 1644 muliebri
568 1590 671 1643 semine
688 1604 789 1642 semen.

133 1684 199 1721 nam
216 1667 333 1721 multum
350 1667 507 1721 harmoniae
526 1665 642 1719 Veneris
660 1664 771 1718 differre
788 1664 924 1721 videntur.

132 1747 219 1813 atque
235 1744 303 1797 alias
320 1744 366 1797 alii
384 1744 521 1812 complent
538 1743 625 1810 magis
643 1758 678 1794 ex
696 1740 811 1808 aliisque

133 1820 292 1892 succipiunt
305 1819 374 1873 aliae
391 1819 499 1888 pondus
516 1819 603 1887 magis
621 1818 703 1886 inque
721 1822 890 1884 gravescunt.
948 1835 996 1874 raso

133 1900 164 1950 et
181 1897 284 1950 multae
304 1897 411 1951 steriles
431 1895 597 1963 Hymenaeis
617 1897 682 1947 ante
699 1893 814 1947 luerunt

131 1972 258 2041 pluribus
276 1975 305 2026 et
322 1976 420 2026 nactae
439 1975 501 2040 post
520 1973 585 2024 sunt
603 1974 695 2024 tamen
713 1969 787 2022 uncle
804 1969 910 2039 puellos

133 2049 271 2117 suscipere
289 2053 318 2102 et
336 2052 417 2117 partu
434 2051 547 2115 possent
565 2046 700 2100 ditescere
719 2044 801 2099 dulci.

132 2124 280 2192 atquibus
298 2128 362 2178 ante
381 2124 454 2177 demi
471 2123 606 2177 fecundae
625 2138 706 2190 saepe
724 2122 883 2189 nequissent

131 2217 234 2254 uxores
251 2217 356 2270 parere,
374 2201 512 2254 inventast
528 2200 582 2252 illis
599 2215 708 2268 quoque
725 2214 836 2267 compar
947 2214 995 2253 1255

132 2280 240 2344 natura,
257 2280 290 2331 ut
306 2279 419 2345 possent
436 2276 528 2344 gnatis
546 2276 652 2329 munire
671 2278 816 2328 senectam.

130 2369 220 2420 usque
238 2353 307 2407 adeo
325 2353 416 2421 magni
434 2353 528 2420 refert,
547 2356 579 2406 ut
597 2351 700 2405 semine
717 2351 823 2420 possint

131 2429 281 2482 seminibus
299 2429 467 2484 commisceri
485 2429 646 2497 genitaliter
662 2432 736 2496 apta,

132 2521 260 2559 erassane
278 2506 440 2560 conveniant
457 2505 568 2574 liquidis
587 2509 617 2560 et
633 2504 738 2571 liquida
756 2503 863 2558 crassis.

132 2584 218 2650 atque
235 2581 264 2635 in
283 2597 315 2634 eo
333 2581 419 2635 refert
437 2598 491 2650 que
508 2582 583 2635 victu
600 2581 657 2635 vita
675 2579 796 2646 colatur;
946 2594 995 2632 meo

132 2673 250 2726 namque
265 2657 329 2715 valiis
345 2658 427 2712 rebus
444 2661 621 2712 concrescunt
639 2657 742 2711 semina
760 2654 890 2710 membris

131 2738 218 2803 atque
235 2734 294 2787 aliis
313 2737 496 2788 extenvantur
513 2733 665 2800 tabentque
683 2732 807 2786 vicissim.

132 2813 162 2864 et
179 2810 278 2879 quibus
296 2810 355 2878 ipsa
372 2809 461 2863 modis
479 2813 615 2864 tractetur
633 2807 734 2861 blanda
752 2807 887 2875 voluptas,

130 2886 163 2941 id
180 2902 289 2954 quoque
306 2885 448 2954 permagni
466 2886 568 2951 refert;
585 2899 648 2937 nam
667 2899 743 2937 more
761 2882 882 2936 ferarum

132 2962 398 3031 quadrupedumque
416 2963 503 3029 magis
520 2962 577 3015 ritu
593 2960 754 3028 plerumque
771 2961 905 3029 putantur
944 2970 994 3010 mes

131 3038 276 3107 concipere
294 3054 399 3102 uxores,
418 3038 481 3105 quia
499 3036 538 3089 sic
555 3036 616 3088 loca
634 3050 741 3086 sumere
758 3035 882 3101 possunt,

132 3114 291 3183 pectoribus
309 3113 413 3182 positis,
432 3109 546 3164 sublatis
564 3108 668 3162 semina
685 3107 793 3160 lumbis.

133 3206 185 3244 uec
202 3190 298 3243 molles
316 3189 377 3256 opu’
396 3189 460 3239 sunt
477 3188 568 3265 metus
585 3181 715 3234 uxoribus
732 3180 825 3234 hilum.
