<?xml version="1.0" encoding="UTF-8"?>
<!DOCTYPE html PUBLIC "-//W3C//DTD XHTML 1.0 Transitional//EN"
    "http://www.w3.org/TR/xhtml1/DTD/xhtml1-transitional.dtd">
<html xmlns="http://www.w3.org/1999/xhtml" xml:lang="en" lang="en">
 <head>
  <title>
</title>
<meta http-equiv="Content-Type" content="text/html;charset=utf-8" />
  <meta name='ocr-system' content='tesseract 3.04.00' />
  <meta name='ocr-capabilities' content='ocr_page ocr_carea ocr_par ocr_line ocrx_word'/>
</head>
<body>
  <div class='ocr_page' id='page_1' title='image "./tlucreticarider08munrgoog_0060.png"; bbox 0 0 2138 3404; ppageno 0'>
   <div class='ocr_carea' id='block_1_1' title="bbox 526 118 969 187">
    <p class='ocr_par' dir='ltr' id='par_1_1' title="bbox 526 118 969 187">
     <span class='ocr_line' id='line_1_1' title="bbox 526 118 969 187; baseline -0.025 5"><span class='ocrx_word' id='word_1_1' title='bbox 526 118 543 174; x_wconf 77' lang='grc' dir='ltr'>Ι</span> <span class='ocrx_word' id='word_1_2' title='bbox 922 124 969 187; x_wconf 91' lang='lat'>11-</span> 
     </span>
    </p>
   </div>
   <div class='ocr_carea' id='block_1_2' title="bbox 69 219 974 3038">
    <p class='ocr_par' dir='ltr' id='par_1_2' title="bbox 103 219 786 290">
     <span class='ocr_line' id='line_1_2' title="bbox 103 219 786 290; baseline 0.003 -15"><span class='ocrx_word' id='word_1_3' title='bbox 103 223 130 275; x_wconf 89' lang='lat' dir='ltr'>is</span> <span class='ocrx_word' id='word_1_4' title='bbox 148 236 231 290; x_wconf 85' lang='lat' dir='ltr'>porro</span> <span class='ocrx_word' id='word_1_5' title='bbox 249 219 374 290; x_wconf 79' lang='lat' dir='ltr'>quamvis</span> <span class='ocrx_word' id='word_1_6' title='bbox 391 220 493 275; x_wconf 84' lang='lat' dir='ltr'>oireum</span> <span class='ocrx_word' id='word_1_7' title='bbox 510 220 694 277; x_wconf 71' lang='lat' dir='ltr'><strong>celerantibus</strong></span> <span class='ocrx_word' id='word_1_8' title='bbox 711 223 786 278; x_wconf 79' lang='lat' dir='ltr'>euris</span> 
     </span>
    </p>

    <p class='ocr_par' dir='ltr' id='par_1_3' title="bbox 103 295 960 596">
     <span class='ocr_line' id='line_1_3' title="bbox 103 295 878 369; baseline -0.001 -16"><span class='ocrx_word' id='word_1_9' title='bbox 103 298 234 364; x_wconf 86' lang='lat' dir='ltr'>eonflnat,</span> <span class='ocrx_word' id='word_1_10' title='bbox 251 295 327 350; x_wconf 79' lang='lat' dir='ltr'>hand</span> <span class='ocrx_word' id='word_1_11' title='bbox 343 298 446 365; x_wconf 88' lang='lat' dir='ltr'>poterit</span> <span class='ocrx_word' id='word_1_12' title='bbox 462 301 556 352; x_wconf 86' lang='lat' dir='ltr'>tamen</span> <span class='ocrx_word' id='word_1_13' title='bbox 573 315 628 353; x_wconf 90' lang='lat' dir='ltr'>uno</span> <span class='ocrx_word' id='word_1_14' title='bbox 644 301 771 369; x_wconf 86' lang='lat' dir='ltr'>tempore</span> <span class='ocrx_word' id='word_1_15' title='bbox 787 301 878 354; x_wconf 88' lang='lat' dir='ltr'>totum</span> 
     </span>
     <span class='ocr_line' id='line_1_4' title="bbox 103 374 919 445; baseline 0.001 -17"><span class='ocrx_word' id='word_1_16' title='bbox 103 374 236 444; x_wconf 84' lang='lat' dir='ltr'>compleri</span> <span class='ocrx_word' id='word_1_17' title='bbox 254 374 388 442; x_wconf 69' lang='lat' dir='ltr'>spatium</span> <span class='ocrx_word' id='word_1_18' title='bbox 405 391 469 428; x_wconf 85' lang='lat' dir='ltr'>narn</span> <span class='ocrx_word' id='word_1_19' title='bbox 486 375 605 443; x_wconf 71' lang='lat' dir='ltr'>primum</span> <span class='ocrx_word' id='word_1_20' title='bbox 623 393 761 445; x_wconf 88' lang='lat' dir='ltr'>quomque</span> <span class='ocrx_word' id='word_1_21' title='bbox 779 378 919 430; x_wconf 81' lang='lat' dir='ltr'>neeessost</span> 
     </span>
     <span class='ocr_line' id='line_1_5' title="bbox 104 450 960 522; baseline 0.002 -18"><span class='ocrx_word' id='word_1_22' title='bbox 104 454 222 519; x_wconf 86' lang='lat' dir='ltr'>ooeupet</span> <span class='ocrx_word' id='word_1_23' title='bbox 238 450 286 504; x_wconf 88' lang='lat' dir='ltr'>ille</span> <span class='ocrx_word' id='word_1_24' title='bbox 302 450 400 518; x_wconf 77' lang='lat' dir='ltr'>locum,</span> <span class='ocrx_word' id='word_1_25' title='bbox 419 450 520 505; x_wconf 90' lang='lat' dir='ltr'>deinde</span> <span class='ocrx_word' id='word_1_26' title='bbox 537 452 628 506; x_wconf 85' lang='lat' dir='ltr'>omnia</span> <span class='ocrx_word' id='word_1_27' title='bbox 644 453 844 522; x_wconf 79' lang='lat' dir='ltr'>possideantur.</span> <span class='ocrx_word' id='word_1_28' title='bbox 923 467 960 506; x_wconf 78' lang='lat' dir='ltr'>noo</span> 
     </span>
     <span class='ocr_line' id='line_1_6' title="bbox 105 526 817 596; baseline 0.007 -18"><span class='ocrx_word' id='word_1_29' title='bbox 105 526 182 596; x_wconf 90' lang='lat' dir='ltr'>quod</span> <span class='ocrx_word' id='word_1_30' title='bbox 200 526 224 580; x_wconf 87' lang='lat' dir='ltr'>si</span> <span class='ocrx_word' id='word_1_31' title='bbox 240 526 313 580; x_wconf 86' lang='lat' dir='ltr'>forte</span> <span class='ocrx_word' id='word_1_32' title='bbox 330 526 436 596; x_wconf 84' lang='lat' dir='ltr'>aliquis,</span> <span class='ocrx_word' id='word_1_33' title='bbox 455 543 517 581; x_wconf 83' lang='lat' dir='ltr'>enm</span> <span class='ocrx_word' id='word_1_34' title='bbox 534 544 648 596; x_wconf 79' lang='lat' dir='ltr'>corpore</span> <span class='ocrx_word' id='word_1_35' title='bbox 666 528 817 595; x_wconf 87' lang='lat' dir='ltr'>dissiluere,</span> 
     </span>
    </p>

    <p class='ocr_par' dir='ltr' id='par_1_4' title="bbox 105 602 778 672">
     <span class='ocr_line' id='line_1_7' title="bbox 105 602 778 672; baseline 0.004 -17"><span class='ocrx_word' id='word_1_36' title='bbox 105 604 167 656; x_wconf 87' lang='lat' dir='ltr'>turn</span> <span class='ocrx_word' id='word_1_37' title='bbox 185 605 266 671; x_wconf 82' lang='lat' dir='ltr'>putat</span> <span class='ocrx_word' id='word_1_38' title='bbox 283 602 312 656; x_wconf 88' lang='lat' dir='ltr'>id</span> <span class='ocrx_word' id='word_1_39' title='bbox 331 602 391 657; x_wconf 89' lang='lat' dir='ltr'>fieri</span> <span class='ocrx_word' id='word_1_40' title='bbox 410 603 475 671; x_wconf 83' lang='lat' dir='ltr'>quie</span> <span class='ocrx_word' id='word_1_41' title='bbox 492 619 522 658; x_wconf 89' lang='lat' dir='ltr'>se</span> <span class='ocrx_word' id='word_1_42' title='bbox 538 603 705 659; x_wconf 87' lang='lat' dir='ltr'>oondonseat</span> <span class='ocrx_word' id='word_1_43' title='bbox 722 621 778 672; x_wconf 84' lang='lat' dir='ltr'>aer,</span> 
     </span>
    </p>

    <p class='ocr_par' dir='ltr' id='par_1_5' title="bbox 105 679 855 748">
     <span class='ocr_line' id='line_1_8' title="bbox 105 679 855 748; baseline 0.005 -16"><span class='ocrx_word' id='word_1_44' title='bbox 105 682 197 744; x_wconf 83' lang='lat' dir='ltr'>errat3</span> <span class='ocrx_word' id='word_1_45' title='bbox 213 695 276 732; x_wconf 87' lang='lat' dir='ltr'>nam</span> <span class='ocrx_word' id='word_1_46' title='bbox 293 695 407 733; x_wconf 76' lang='lat' dir='ltr'>vanuum</span> <span class='ocrx_word' id='word_1_47' title='bbox 425 682 486 733; x_wconf 90' lang='lat' dir='ltr'>tum</span> <span class='ocrx_word' id='word_1_48' title='bbox 504 679 538 734; x_wconf 86' lang='lat' dir='ltr'>fit</span> <span class='ocrx_word' id='word_1_49' title='bbox 555 680 630 748; x_wconf 86' lang='lat' dir='ltr'>quod</span> <span class='ocrx_word' id='word_1_50' title='bbox 647 696 701 734; x_wconf 93' lang='lat' dir='ltr'>non</span> <span class='ocrx_word' id='word_1_51' title='bbox 718 681 772 736; x_wconf 78' lang='lat' dir='ltr'>fuit</span> <span class='ocrx_word' id='word_1_52' title='bbox 789 686 855 736; x_wconf 84' lang='lat' dir='ltr'>nuto</span> 
     </span>
    </p>

    <p class='ocr_par' dir='ltr' id='par_1_6' title="bbox 104 754 824 824">
     <span class='ocr_line' id='line_1_9' title="bbox 104 754 824 824; baseline 0.004 -16"><span class='ocrx_word' id='word_1_53' title='bbox 104 757 137 809; x_wconf 88' lang='lat' dir='ltr'>et</span> <span class='ocrx_word' id='word_1_54' title='bbox 154 755 278 823; x_wconf 83' lang='lat' dir='ltr'>repletur</span> <span class='ocrx_word' id='word_1_55' title='bbox 295 754 362 809; x_wconf 84' lang='lat' dir='ltr'>item</span> <span class='ocrx_word' id='word_1_56' title='bbox 381 771 497 809; x_wconf 83' lang='lat' dir='ltr'>vacuum</span> <span class='ocrx_word' id='word_1_57' title='bbox 515 755 590 824; x_wconf 88' lang='lat' dir='ltr'>quod</span> <span class='ocrx_word' id='word_1_58' title='bbox 607 757 732 812; x_wconf 82' lang='lat' dir='ltr'>constitit</span> <span class='ocrx_word' id='word_1_59' title='bbox 750 762 824 824; x_wconf 78' lang='lat' dir='ltr'>aute,</span> 
     </span>
    </p>

    <p class='ocr_par' dir='ltr' id='par_1_7' title="bbox 104 830 687 900">
     <span class='ocr_line' id='line_1_10' title="bbox 104 830 687 900; baseline 0.003 -17"><span class='ocrx_word' id='word_1_60' title='bbox 104 846 157 884; x_wconf 85' lang='lat' dir='ltr'>nec</span> <span class='ocrx_word' id='word_1_61' title='bbox 174 830 222 884; x_wconf 83' lang='lat' dir='ltr'>tali</span> <span class='ocrx_word' id='word_1_62' title='bbox 239 831 347 885; x_wconf 86' lang='lat' dir='ltr'>ratione</span> <span class='ocrx_word' id='word_1_63' title='bbox 363 834 457 900; x_wconf 87' lang='lat' dir='ltr'>potest</span> <span class='ocrx_word' id='word_1_64' title='bbox 474 830 616 885; x_wconf 79' lang='lat' dir='ltr'>denserier</span> <span class='ocrx_word' id='word_1_65' title='bbox 633 848 687 895; x_wconf 82' lang='lat' dir='ltr'>aer,</span> 
     </span>
    </p>

    <p class='ocr_par' dir='ltr' id='par_1_8' title="bbox 105 906 802 977">
     <span class='ocr_line' id='line_1_11' title="bbox 105 906 802 977; baseline 0.003 -17"><span class='ocrx_word' id='word_1_66' title='bbox 105 922 165 975; x_wconf 84' lang='lat' dir='ltr'>nee,</span> <span class='ocrx_word' id='word_1_67' title='bbox 183 906 206 960; x_wconf 89' lang='lat' dir='ltr'>si</span> <span class='ocrx_word' id='word_1_68' title='bbox 223 906 278 960; x_wconf 83' lang='lat' dir='ltr'>ism</span> <span class='ocrx_word' id='word_1_69' title='bbox 295 911 396 975; x_wconf 88' lang='lat' dir='ltr'>posset,</span> <span class='ocrx_word' id='word_1_70' title='bbox 414 909 473 961; x_wconf 88' lang='lat' dir='ltr'>sine</span> <span class='ocrx_word' id='word_1_71' title='bbox 491 908 564 961; x_wconf 85' lang='lat' dir='ltr'>inani</span> <span class='ocrx_word' id='word_1_72' title='bbox 581 912 681 977; x_wconf 84' lang='lat' dir='ltr'>posset,</span> <span class='ocrx_word' id='word_1_73' title='bbox 699 909 802 977; x_wconf 86' lang='lat' dir='ltr'>opiner,</span> 
     </span>
    </p>

    <p class='ocr_par' dir='ltr' id='par_1_9' title="bbox 103 983 974 1053">
     <span class='ocr_line' id='line_1_12' title="bbox 103 983 974 1053; baseline 0.005 -18"><span class='ocrx_word' id='word_1_74' title='bbox 103 983 164 1052; x_wconf 89' lang='lat' dir='ltr'>ipse</span> <span class='ocrx_word' id='word_1_75' title='bbox 182 983 211 1036; x_wconf 94' lang='lat' dir='ltr'>in</span> <span class='ocrx_word' id='word_1_76' title='bbox 229 999 258 1036; x_wconf 86' lang='lat' dir='ltr'>se</span> <span class='ocrx_word' id='word_1_77' title='bbox 276 983 388 1037; x_wconf 79' lang='lat' dir='ltr'>trahere</span> <span class='ocrx_word' id='word_1_78' title='bbox 405 986 436 1037; x_wconf 88' lang='lat' dir='ltr'>et</span> <span class='ocrx_word' id='word_1_79' title='bbox 453 984 541 1053; x_wconf 83' lang='lat' dir='ltr'>partis</span> <span class='ocrx_word' id='word_1_80' title='bbox 558 984 711 1038; x_wconf 83' lang='lat' dir='ltr'>conducere</span> <span class='ocrx_word' id='word_1_81' title='bbox 728 985 756 1037; x_wconf 93' lang='lat' dir='ltr'>iu</span> <span class='ocrx_word' id='word_1_82' title='bbox 774 1001 866 1040; x_wconf 88' lang='lat' dir='ltr'>unum.</span> <span class='ocrx_word' id='word_1_83' title='bbox 971 1008 974 1017; x_wconf 64' lang='grc'><strong>’</strong></span> 
     </span>
    </p>

    <p class='ocr_par' dir='ltr' id='par_1_10' title="bbox 69 1059 863 2579">
     <span class='ocr_line' id='line_1_13' title="bbox 144 1059 863 1128; baseline 0.001 -16"><span class='ocrx_word' id='word_1_84' title='bbox 144 1059 325 1128; x_wconf 74' lang='lat' dir='ltr'>Quapropter,</span> <span class='ocrx_word' id='word_1_85' title='bbox 344 1059 469 1128; x_wconf 82' lang='lat' dir='ltr'>quamvis</span> <span class='ocrx_word' id='word_1_86' title='bbox 485 1060 622 1114; x_wconf 70' lang='lat' dir='ltr'>musondo</span> <span class='ocrx_word' id='word_1_87' title='bbox 640 1060 727 1115; x_wconf 88' lang='lat' dir='ltr'>multa</span> <span class='ocrx_word' id='word_1_88' title='bbox 742 1061 863 1125; x_wconf 83' lang='lat' dir='ltr'>moreris,</span> 
     </span>
     <span class='ocr_line' id='line_1_14' title="bbox 105 1135 806 1191; baseline 0 -1"><span class='ocrx_word' id='word_1_89' title='bbox 105 1152 167 1190; x_wconf 84' lang='lat' dir='ltr'>esse</span> <span class='ocrx_word' id='word_1_90' title='bbox 185 1136 214 1189; x_wconf 91' lang='lat' dir='ltr'>in</span> <span class='ocrx_word' id='word_1_91' title='bbox 231 1135 314 1190; x_wconf 87' lang='lat' dir='ltr'>rebus</span> <span class='ocrx_word' id='word_1_92' title='bbox 331 1137 412 1190; x_wconf 88' lang='lat' dir='ltr'>inane</span> <span class='ocrx_word' id='word_1_93' title='bbox 428 1139 521 1190; x_wconf 83' lang='lat' dir='ltr'>tamen</span> <span class='ocrx_word' id='word_1_94' title='bbox 538 1136 643 1191; x_wconf 81' lang='lat' dir='ltr'>fateare</span> <span class='ocrx_word' id='word_1_95' title='bbox 660 1140 806 1191; x_wconf 82' lang='lat' dir='ltr'>necessest.</span> 
     </span>
     <span class='ocr_line' id='line_1_15' title="bbox 104 1212 857 1282; baseline 0 -16"><span class='ocrx_word' id='word_1_96' title='bbox 104 1212 246 1282; x_wconf 84' lang='lat' dir='ltr'>multaque</span> <span class='ocrx_word' id='word_1_97' title='bbox 262 1215 409 1280; x_wconf 80' lang='lat' dir='ltr'>praeterea·</span> <span class='ocrx_word' id='word_1_98' title='bbox 423 1212 474 1267; x_wconf 89' lang='lat' dir='ltr'>tibi</span> <span class='ocrx_word' id='word_1_99' title='bbox 492 1229 602 1282; x_wconf 85' lang='lat' dir='ltr'>possum</span> <span class='ocrx_word' id='word_1_100' title='bbox 619 1212 857 1267; x_wconf 85' lang='lat' dir='ltr'>commemorando</span> 
     </span>
     <span class='ocr_line' id='line_1_16' title="bbox 69 1288 764 1356; baseline -0.003 -14"><span class='ocrx_word' id='word_1_101' title='bbox 69 1316 72 1319; x_wconf 93' lang='lat'>·</span> <span class='ocrx_word' id='word_1_102' title='bbox 104 1292 269 1356; x_wconf 81' lang='lat' dir='ltr'>argumenta</span> <span class='ocrx_word' id='word_1_103' title='bbox 285 1288 370 1343; x_wconf 87' lang='lat' dir='ltr'>fidem</span> <span class='ocrx_word' id='word_1_104' title='bbox 387 1288 470 1343; x_wconf 86' lang='lat' dir='ltr'>dietis</span> <span class='ocrx_word' id='word_1_105' title='bbox 487 1289 638 1344; x_wconf 85' lang='lat' dir='ltr'>conradere</span> <span class='ocrx_word' id='word_1_106' title='bbox 654 1288 764 1342; x_wconf 86' lang='lat' dir='ltr'>nostris.</span> 
     </span>
     <span class='ocr_line' id='line_1_17' title="bbox 104 1363 819 1433; baseline -0.003 -16"><span class='ocrx_word' id='word_1_107' title='bbox 104 1381 201 1418; x_wconf 89' lang='lat' dir='ltr'>verum</span> <span class='ocrx_word' id='word_1_108' title='bbox 218 1364 309 1419; x_wconf 85' lang='lat' dir='ltr'>animo</span> <span class='ocrx_word' id='word_1_109' title='bbox 326 1365 393 1420; x_wconf 87' lang='lat' dir='ltr'>setis</span> <span class='ocrx_word' id='word_1_110' title='bbox 410 1365 478 1419; x_wconf 84' lang='lat' dir='ltr'>haee</span> <span class='ocrx_word' id='word_1_111' title='bbox 494 1365 610 1433; x_wconf 80' lang='lat' dir='ltr'>vestigia</span> <span class='ocrx_word' id='word_1_112' title='bbox 626 1380 712 1433; x_wconf 82' lang='lat' dir='ltr'>porro</span> <span class='ocrx_word' id='word_1_113' title='bbox 729 1363 819 1431; x_wconf 72' lang='lat' dir='ltr'>sagaci</span> 
     </span>
     <span class='ocr_line' id='line_1_18' title="bbox 104 1441 806 1511; baseline 0.001 -18"><span class='ocrx_word' id='word_1_114' title='bbox 104 1445 170 1496; x_wconf 88' lang='lat' dir='ltr'>sunt</span> <span class='ocrx_word' id='word_1_115' title='bbox 186 1457 238 1509; x_wconf 84' lang='lat' dir='ltr'>per</span> <span class='ocrx_word' id='word_1_116' title='bbox 254 1458 325 1510; x_wconf 84' lang='lat' dir='ltr'>quae</span> <span class='ocrx_word' id='word_1_117' title='bbox 342 1441 430 1510; x_wconf 83' lang='lat' dir='ltr'>possis</span> <span class='ocrx_word' id='word_1_118' title='bbox 448 1457 611 1511; x_wconf 85' lang='lat' dir='ltr'>cognoscere</span> <span class='ocrx_word' id='word_1_119' title='bbox 629 1443 722 1494; x_wconf 83' lang='lat' dir='ltr'>oetera</span> <span class='ocrx_word' id='word_1_120' title='bbox 737 1443 806 1494; x_wconf 84' lang='lat' dir='ltr'>tuto.</span> 
     </span>
     <span class='ocr_line' id='line_1_19' title="bbox 104 1515 798 1587; baseline -0.001 -17"><span class='ocrx_word' id='word_1_121' title='bbox 104 1534 224 1585; x_wconf 84' lang='lat' dir='ltr'>namque</span> <span class='ocrx_word' id='word_1_122' title='bbox 242 1534 323 1572; x_wconf 78' lang='lat' dir='ltr'>eones</span> <span class='ocrx_word' id='word_1_123' title='bbox 340 1520 373 1571; x_wconf 86' lang='lat' dir='ltr'>ut</span> <span class='ocrx_word' id='word_1_124' title='bbox 390 1518 563 1587; x_wconf 84' lang='lat' dir='ltr'>montivagae</span> <span class='ocrx_word' id='word_1_125' title='bbox 579 1530 713 1587; x_wconf 81' lang='lat' dir='ltr'>persaepe</span> <span class='ocrx_word' id='word_1_126' title='bbox 729 1515 798 1569; x_wconf 82' lang='lat' dir='ltr'>ferai</span> 
     </span>
     <span class='ocr_line' id='line_1_20' title="bbox 104 1592 759 1661; baseline -0.006 -12"><span class='ocrx_word' id='word_1_127' title='bbox 104 1593 217 1649; x_wconf 83' lang='lat' dir='ltr'>naribus</span> <span class='ocrx_word' id='word_1_128' title='bbox 234 1594 376 1648; x_wconf 78' lang='lat' dir='ltr'>inveniunt</span> <span class='ocrx_word' id='word_1_129' title='bbox 393 1595 510 1648; x_wconf 83' lang='lat' dir='ltr'>intentas</span> <span class='ocrx_word' id='word_1_130' title='bbox 527 1592 625 1648; x_wconf 86' lang='lat' dir='ltr'>fronde</span> <span class='ocrx_word' id='word_1_131' title='bbox 643 1592 759 1661; x_wconf 86' lang='lat' dir='ltr'>quietes,</span> 
     </span>
     <span class='ocr_line' id='line_1_21' title="bbox 104 1668 755 1739; baseline -0.002 -17"><span class='ocrx_word' id='word_1_132' title='bbox 104 1686 168 1723; x_wconf 85' lang='lat' dir='ltr'>eum</span> <span class='ocrx_word' id='word_1_133' title='bbox 186 1670 270 1724; x_wconf 89' lang='lat' dir='ltr'>semel</span> <span class='ocrx_word' id='word_1_134' title='bbox 287 1669 449 1724; x_wconf 88' lang='lat' dir='ltr'>institerunt</span> <span class='ocrx_word' id='word_1_135' title='bbox 467 1670 583 1739; x_wconf 81' lang='lat' dir='ltr'>vestigia</span> <span class='ocrx_word' id='word_1_136' title='bbox 600 1671 676 1724; x_wconf 84' lang='lat' dir='ltr'>certe</span> <span class='ocrx_word' id='word_1_137' title='bbox 692 1668 755 1736; x_wconf 83' lang='lat' dir='ltr'>viai,</span> 
     </span>
     <span class='ocr_line' id='line_1_22' title="bbox 104 1745 715 1815; baseline -0.002 -16"><span class='ocrx_word' id='word_1_138' title='bbox 104 1745 145 1799; x_wconf 87' lang='lat' dir='ltr'>sio</span> <span class='ocrx_word' id='word_1_139' title='bbox 161 1746 217 1799; x_wconf 87' lang='lat' dir='ltr'>alid</span> <span class='ocrx_word' id='word_1_140' title='bbox 235 1763 270 1800; x_wconf 84' lang='lat' dir='ltr'>ex</span> <span class='ocrx_word' id='word_1_141' title='bbox 287 1746 340 1799; x_wconf 86' lang='lat' dir='ltr'>alio</span> <span class='ocrx_word' id='word_1_142' title='bbox 357 1763 408 1815; x_wconf 90' lang='lat' dir='ltr'>per</span> <span class='ocrx_word' id='word_1_143' title='bbox 424 1750 454 1801; x_wconf 90' lang='lat' dir='ltr'>te</span> <span class='ocrx_word' id='word_1_144' title='bbox 466 1750 527 1801; x_wconf 91' lang='lat' dir='ltr'>tute</span> <span class='ocrx_word' id='word_1_145' title='bbox 543 1746 604 1815; x_wconf 90' lang='lat' dir='ltr'>ipse</span> <span class='ocrx_word' id='word_1_146' title='bbox 620 1745 715 1801; x_wconf 83' lang='lat' dir='ltr'>ridere</span> 
     </span>
     <span class='ocr_line' id='line_1_23' title="bbox 103 1820 775 1890; baseline -0.003 -15"><span class='ocrx_word' id='word_1_147' title='bbox 103 1821 206 1875; x_wconf 84' lang='lat' dir='ltr'>talibus</span> <span class='ocrx_word' id='word_1_148' title='bbox 223 1822 250 1875; x_wconf 90' lang='lat' dir='ltr'>in</span> <span class='ocrx_word' id='word_1_149' title='bbox 269 1822 352 1876; x_wconf 89' lang='lat' dir='ltr'>rebus</span> <span class='ocrx_word' id='word_1_150' title='bbox 369 1822 472 1890; x_wconf 87' lang='lat' dir='ltr'>poteris</span> <span class='ocrx_word' id='word_1_151' title='bbox 488 1838 636 1890; x_wconf 78' lang='lat' dir='ltr'>caesasque</span> <span class='ocrx_word' id='word_1_152' title='bbox 654 1820 775 1875; x_wconf 74' lang='lat' dir='ltr'>latebras</span> 
     </span>
     <span class='ocr_line' id='line_1_24' title="bbox 103 1896 777 1967; baseline 0 -15"><span class='ocrx_word' id='word_1_153' title='bbox 103 1898 242 1957; x_wconf 83' lang='lat' dir='ltr'>insinuare</span> <span class='ocrx_word' id='word_1_154' title='bbox 259 1899 347 1952; x_wconf 88' lang='lat' dir='ltr'>omnis</span> <span class='ocrx_word' id='word_1_155' title='bbox 365 1904 395 1953; x_wconf 86' lang='lat' dir='ltr'>et</span> <span class='ocrx_word' id='word_1_156' title='bbox 411 1915 508 1953; x_wconf 82' lang='lat' dir='ltr'>rerum</span> <span class='ocrx_word' id='word_1_157' title='bbox 524 1899 686 1967; x_wconf 83' lang='lat' dir='ltr'>protrahere</span> <span class='ocrx_word' id='word_1_158' title='bbox 703 1896 777 1952; x_wconf 87' lang='lat' dir='ltr'>iudo.</span> 
     </span>
     <span class='ocr_line' id='line_1_25' title="bbox 104 1973 785 2044; baseline -0.001 -17"><span class='ocrx_word' id='word_1_159' title='bbox 104 1973 179 2043; x_wconf 86' lang='lat' dir='ltr'>qnod</span> <span class='ocrx_word' id='word_1_160' title='bbox 196 1976 219 2028; x_wconf 87' lang='lat' dir='ltr'>si</span> <span class='ocrx_word' id='word_1_161' title='bbox 236 1975 354 2044; x_wconf 80' lang='lat' dir='ltr'>pigraris</span> <span class='ocrx_word' id='word_1_162' title='bbox 369 1975 514 2044; x_wconf 85' lang='lat' dir='ltr'>paulumve</span> <span class='ocrx_word' id='word_1_163' title='bbox 531 1974 676 2033; x_wconf 76' lang='lat' dir='ltr'>recesseris</span> <span class='ocrx_word' id='word_1_164' title='bbox 694 1973 729 2027; x_wconf 86' lang='lat' dir='ltr'>ab</span> <span class='ocrx_word' id='word_1_165' title='bbox 746 1990 785 2039; x_wconf 87' lang='lat' dir='ltr'>re,</span> 
     </span>
     <span class='ocr_line' id='line_1_26' title="bbox 103 2049 843 2121; baseline 0.003 -17"><span class='ocrx_word' id='word_1_166' title='bbox 103 2050 157 2105; x_wconf 84' lang='lat' dir='ltr'>hoc</span> <span class='ocrx_word' id='word_1_167' title='bbox 175 2051 227 2105; x_wconf 91' lang='lat' dir='ltr'>tibi</span> <span class='ocrx_word' id='word_1_168' title='bbox 245 2051 281 2106; x_wconf 90' lang='lat' dir='ltr'>de</span> <span class='ocrx_word' id='word_1_169' title='bbox 298 2052 380 2121; x_wconf 86' lang='lat' dir='ltr'>plano</span> <span class='ocrx_word' id='word_1_170' title='bbox 398 2067 509 2120; x_wconf 88' lang='lat' dir='ltr'>possum</span> <span class='ocrx_word' id='word_1_171' title='bbox 527 2053 698 2120; x_wconf 88' lang='lat' dir='ltr'>promittere,</span> <span class='ocrx_word' id='word_1_172' title='bbox 716 2049 843 2106; x_wconf 86' lang='lat' dir='ltr'>Memmi:</span> 
     </span>
     <span class='ocr_line' id='line_1_27' title="bbox 103 2126 810 2196; baseline -0.004 -15"><span class='ocrx_word' id='word_1_173' title='bbox 103 2143 193 2195; x_wconf 87' lang='lat' dir='ltr'>usqne</span> <span class='ocrx_word' id='word_1_174' title='bbox 210 2127 280 2181; x_wconf 86' lang='lat' dir='ltr'>adeo</span> <span class='ocrx_word' id='word_1_175' title='bbox 297 2127 388 2196; x_wconf 85' lang='lat' dir='ltr'>largos</span> <span class='ocrx_word' id='word_1_176' title='bbox 405 2128 520 2182; x_wconf 86' lang='lat' dir='ltr'>haustus</span> <span class='ocrx_word' id='word_1_177' title='bbox 538 2144 553 2182; x_wconf 89' lang='lat' dir='ltr'>e</span> <span class='ocrx_word' id='word_1_178' title='bbox 571 2127 684 2181; x_wconf 81' lang='lat' dir='ltr'>fontibn’</span> <span class='ocrx_word' id='word_1_179' title='bbox 704 2126 810 2193; x_wconf 79' lang='lat' dir='ltr'>magnis</span> 
     </span>
     <span class='ocr_line' id='line_1_28' title="bbox 102 2201 762 2274; baseline 0 -18"><span class='ocrx_word' id='word_1_180' title='bbox 102 2203 200 2272; x_wconf 81' lang='lat' dir='ltr'>lingue</span> <span class='ocrx_word' id='word_1_181' title='bbox 216 2221 278 2258; x_wconf 88' lang='lat' dir='ltr'>meo</span> <span class='ocrx_word' id='word_1_182' title='bbox 297 2205 387 2258; x_wconf 79' lang='lat' dir='ltr'>suevis</span> <span class='ocrx_word' id='word_1_183' title='bbox 405 2205 457 2258; x_wconf 89' lang='lat' dir='ltr'>diti</span> <span class='ocrx_word' id='word_1_184' title='bbox 474 2203 510 2258; x_wconf 88' lang='lat' dir='ltr'>de</span> <span class='ocrx_word' id='word_1_185' title='bbox 529 2208 640 2274; x_wconf 83' lang='lat' dir='ltr'>pectore</span> <span class='ocrx_word' id='word_1_186' title='bbox 657 2201 762 2269; x_wconf 80' lang='lat' dir='ltr'>fundet,</span> 
     </span>
     <span class='ocr_line' id='line_1_29' title="bbox 104 2279 848 2350; baseline -0.003 -17"><span class='ocrx_word' id='word_1_187' title='bbox 104 2284 137 2334; x_wconf 92' lang='lat' dir='ltr'>nt</span> <span class='ocrx_word' id='word_1_188' title='bbox 155 2296 251 2334; x_wconf 81' lang='lat' dir='ltr'>verear</span> <span class='ocrx_word' id='word_1_189' title='bbox 268 2296 303 2334; x_wconf 93' lang='lat' dir='ltr'>ne</span> <span class='ocrx_word' id='word_1_190' title='bbox 320 2281 402 2335; x_wconf 79' lang='lat' dir='ltr'>tarda</span> <span class='ocrx_word' id='word_1_191' title='bbox 418 2281 496 2349; x_wconf 90' lang='lat' dir='ltr'>prius</span> <span class='ocrx_word' id='word_1_192' title='bbox 513 2298 564 2350; x_wconf 89' lang='lat' dir='ltr'>per</span> <span class='ocrx_word' id='word_1_193' title='bbox 581 2279 705 2335; x_wconf 86' lang='lat' dir='ltr'>membra</span> <span class='ocrx_word' id='word_1_194' title='bbox 722 2281 848 2332; x_wconf 83' lang='lat' dir='ltr'>senoetus</span> 
     </span>
     <span class='ocr_line' id='line_1_30' title="bbox 103 2355 752 2424; baseline -0.003 -14"><span class='ocrx_word' id='word_1_195' title='bbox 103 2360 200 2424; x_wconf 86' lang='lat' dir='ltr'>serpat</span> <span class='ocrx_word' id='word_1_196' title='bbox 216 2360 247 2410; x_wconf 85' lang='lat' dir='ltr'>et</span> <span class='ocrx_word' id='word_1_197' title='bbox 263 2356 293 2410; x_wconf 91' lang='lat' dir='ltr'>in</span> <span class='ocrx_word' id='word_1_198' title='bbox 310 2357 389 2410; x_wconf 89' lang='lat' dir='ltr'>nobis</span> <span class='ocrx_word' id='word_1_199' title='bbox 406 2357 472 2411; x_wconf 81' lang='lat' dir='ltr'>vitai</span> <span class='ocrx_word' id='word_1_200' title='bbox 490 2357 608 2411; x_wconf 83' lang='lat' dir='ltr'>claustra</span> <span class='ocrx_word' id='word_1_201' title='bbox 625 2355 752 2422; x_wconf 85' lang='lat' dir='ltr'>resolvet,</span> 
     </span>
     <span class='ocr_line' id='line_1_31' title="bbox 104 2431 789 2502; baseline -0.001 -17"><span class='ocrx_word' id='word_1_202' title='bbox 104 2448 189 2500; x_wconf 85' lang='lat' dir='ltr'>quam</span> <span class='ocrx_word' id='word_1_203' title='bbox 206 2432 258 2487; x_wconf 91' lang='lat' dir='ltr'>tibi</span> <span class='ocrx_word' id='word_1_204' title='bbox 276 2433 311 2487; x_wconf 87' lang='lat' dir='ltr'>de</span> <span class='ocrx_word' id='word_1_205' title='bbox 329 2434 424 2502; x_wconf 86' lang='lat' dir='ltr'>quavis</span> <span class='ocrx_word' id='word_1_206' title='bbox 441 2450 495 2487; x_wconf 87' lang='lat' dir='ltr'>una</span> <span class='ocrx_word' id='word_1_207' title='bbox 512 2450 543 2488; x_wconf 89' lang='lat' dir='ltr'>re</span> <span class='ocrx_word' id='word_1_208' title='bbox 560 2433 684 2488; x_wconf 79' lang='lat' dir='ltr'>versibus</span> <span class='ocrx_word' id='word_1_209' title='bbox 702 2431 789 2485; x_wconf 89' lang='lat' dir='ltr'>omnis</span> 
     </span>
     <span class='ocr_line' id='line_1_32' title="bbox 102 2508 745 2579; baseline -0.003 -16"><span class='ocrx_word' id='word_1_210' title='bbox 102 2513 329 2575; x_wconf 83' lang='lat' dir='ltr'>argumentorum</span> <span class='ocrx_word' id='word_1_211' title='bbox 347 2510 385 2564; x_wconf 88' lang='lat' dir='ltr'>sit</span> <span class='ocrx_word' id='word_1_212' title='bbox 401 2512 479 2579; x_wconf 85' lang='lat' dir='ltr'>copia</span> <span class='ocrx_word' id='word_1_213' title='bbox 496 2511 579 2564; x_wconf 88' lang='lat' dir='ltr'>missa</span> <span class='ocrx_word' id='word_1_214' title='bbox 595 2526 647 2578; x_wconf 89' lang='lat' dir='ltr'>per</span> <span class='ocrx_word' id='word_1_215' title='bbox 664 2508 745 2562; x_wconf 85' lang='lat' dir='ltr'>auris.</span> 
     </span>
    </p>

    <p class='ocr_par' dir='ltr' id='par_1_11' title="bbox 101 2582 956 3038">
     <span class='ocr_line' id='line_1_33' title="bbox 140 2582 888 2656; baseline -0.001 -18"><span class='ocrx_word' id='word_1_216' title='bbox 140 2583 197 2638; x_wconf 76' lang='lat' dir='ltr'>Sed</span> <span class='ocrx_word' id='word_1_217' title='bbox 214 2601 286 2639; x_wconf 83' lang='lat' dir='ltr'>nuno</span> <span class='ocrx_word' id='word_1_218' title='bbox 302 2589 334 2640; x_wconf 91' lang='lat' dir='ltr'>ut</span> <span class='ocrx_word' id='word_1_219' title='bbox 351 2590 475 2656; x_wconf 88' lang='lat' dir='ltr'>repetam</span> <span class='ocrx_word' id='word_1_220' title='bbox 489 2591 616 2656; x_wconf 84' lang='lat' dir='ltr'>coeptum</span> <span class='ocrx_word' id='word_1_221' title='bbox 634 2589 780 2655; x_wconf 82' lang='lat' dir='ltr'>pertexere</span> <span class='ocrx_word' id='word_1_222' title='bbox 798 2582 888 2650; x_wconf 83' lang='lat' dir='ltr'>dietis,</span> 
     </span>
     <span class='ocr_line' id='line_1_34' title="bbox 103 2658 779 2732; baseline -0.003 -17"><span class='ocrx_word' id='word_1_223' title='bbox 103 2659 201 2730; x_wconf 90' lang='lat' dir='ltr'>omnis,</span> <span class='ocrx_word' id='word_1_224' title='bbox 219 2664 252 2715; x_wconf 91' lang='lat' dir='ltr'>nt</span> <span class='ocrx_word' id='word_1_225' title='bbox 269 2665 327 2732; x_wconf 61' lang='lat' dir='ltr'>est</span> <span class='ocrx_word' id='word_1_226' title='bbox 337 2662 423 2732; x_wconf 79' lang='lat' dir='ltr'>igitur</span> <span class='ocrx_word' id='word_1_227' title='bbox 439 2679 491 2732; x_wconf 86' lang='lat' dir='ltr'>per</span> <span class='ocrx_word' id='word_1_228' title='bbox 508 2666 654 2732; x_wconf 57' lang='lat' dir='ltr'>sanatura</span> <span class='ocrx_word' id='word_1_229' title='bbox 672 2658 779 2714; x_wconf 90' lang='lat' dir='ltr'>duabus</span> 
     </span>
     <span class='ocr_line' id='line_1_35' title="bbox 102 2735 956 2809; baseline -0.006 -18"><span class='ocrx_word' id='word_1_230' title='bbox 102 2737 230 2792; x_wconf 80' lang='lat' dir='ltr'>constitit</span> <span class='ocrx_word' id='word_1_231' title='bbox 246 2738 275 2791; x_wconf 92' lang='lat' dir='ltr'>in</span> <span class='ocrx_word' id='word_1_232' title='bbox 291 2738 389 2805; x_wconf 83' lang='lat' dir='ltr'>rebus3</span> <span class='ocrx_word' id='word_1_233' title='bbox 406 2755 470 2792; x_wconf 89' lang='lat' dir='ltr'>nam</span> <span class='ocrx_word' id='word_1_234' title='bbox 488 2756 601 2809; x_wconf 82' lang='lat' dir='ltr'>eorpora</span> <span class='ocrx_word' id='word_1_235' title='bbox 618 2739 730 2793; x_wconf 90' lang='lat' dir='ltr'>suntet</span> <span class='ocrx_word' id='word_1_236' title='bbox 747 2735 834 2801; x_wconf 84' lang='lat' dir='ltr'>inane,</span> <span class='ocrx_word' id='word_1_237' title='bbox 920 2748 956 2786; x_wconf 73' lang='lat' dir='ltr'>nro</span> 
     </span>
     <span class='ocr_line' id='line_1_36' title="bbox 101 2812 858 2886; baseline -0.001 -20"><span class='ocrx_word' id='word_1_238' title='bbox 101 2812 172 2867; x_wconf 84' lang='lat' dir='ltr'>haee</span> <span class='ocrx_word' id='word_1_239' title='bbox 188 2814 289 2884; x_wconf 88' lang='lat' dir='ltr'>inquo</span> <span class='ocrx_word' id='word_1_240' title='bbox 306 2817 361 2871; x_wconf 83' lang='lat' dir='ltr'>sita</span> <span class='ocrx_word' id='word_1_241' title='bbox 378 2820 443 2871; x_wconf 87' lang='lat' dir='ltr'>sunt</span> <span class='ocrx_word' id='word_1_242' title='bbox 461 2821 490 2872; x_wconf 88' lang='lat' dir='ltr'>et</span> <span class='ocrx_word' id='word_1_243' title='bbox 508 2834 563 2886; x_wconf 88' lang='lat' dir='ltr'>qua</span> <span class='ocrx_word' id='word_1_244' title='bbox 580 2816 688 2870; x_wconf 82' lang='lat' dir='ltr'>diverse</span> <span class='ocrx_word' id='word_1_245' title='bbox 705 2813 858 2867; x_wconf 84' lang='lat' dir='ltr'>moventur.</span> 
     </span>
     <span class='ocr_line' id='line_1_37' title="bbox 102 2891 783 2963; baseline -0.001 -21"><span class='ocrx_word' id='word_1_246' title='bbox 102 2905 203 2959; x_wconf 85' lang='lat' dir='ltr'>eorpus</span> <span class='ocrx_word' id='word_1_247' title='bbox 220 2892 293 2945; x_wconf 87' lang='lat' dir='ltr'>enim</span> <span class='ocrx_word' id='word_1_248' title='bbox 310 2911 362 2963; x_wconf 85' lang='lat' dir='ltr'>per</span> <span class='ocrx_word' id='word_1_249' title='bbox 380 2911 409 2948; x_wconf 90' lang='lat' dir='ltr'>se</span> <span class='ocrx_word' id='word_1_250' title='bbox 426 2894 576 2947; x_wconf 82' lang='lat' dir='ltr'>commrmis</span> <span class='ocrx_word' id='word_1_251' title='bbox 594 2891 706 2946; x_wconf 85' lang='lat' dir='ltr'>dedicat</span> <span class='ocrx_word' id='word_1_252' title='bbox 723 2904 783 2944; x_wconf 87' lang='lat' dir='ltr'>esse</span> 
     </span>
     <span class='ocr_line' id='line_1_38' title="bbox 103 2964 804 3038; baseline -0.01 -15"><span class='ocrx_word' id='word_1_253' title='bbox 103 2978 216 3033; x_wconf 47' lang='lat' dir='ltr'>ww&amp;</span> <span class='ocrx_word' id='word_1_254' title='bbox 234 2969 278 3022; x_wconf 85' lang='lat' dir='ltr'>eui</span> <span class='ocrx_word' id='word_1_255' title='bbox 296 2970 348 3024; x_wconf 85' lang='lat' dir='ltr'>uisi</span> <span class='ocrx_word' id='word_1_256' title='bbox 366 2971 456 3038; x_wconf 83' lang='lat' dir='ltr'>prima</span> <span class='ocrx_word' id='word_1_257' title='bbox 473 2970 544 3024; x_wconf 87' lang='lat' dir='ltr'>fides</span> <span class='ocrx_word' id='word_1_258' title='bbox 560 2970 678 3023; x_wconf 87' lang='lat' dir='ltr'>fundata</span> <span class='ocrx_word' id='word_1_259' title='bbox 694 2964 804 3029; x_wconf 84' lang='lat' dir='ltr'>valebit,</span> 
     </span>
    </p>
   </div>
   <div class='ocr_carea' id='block_1_3' title="bbox 104 3040 836 3113">
    <p class='ocr_par' dir='ltr' id='par_1_12' title="bbox 104 3040 836 3113">
     <span class='ocr_line' id='line_1_39' title="bbox 104 3040 836 3113; baseline -0.007 -18"><span class='ocrx_word' id='word_1_260' title='bbox 104 3040 174 3097; x_wconf 71' lang='lat' dir='ltr'>rsus</span> <span class='ocrx_word' id='word_1_261' title='bbox 191 3045 245 3098; x_wconf 86' lang='lat' dir='ltr'>erit</span> <span class='ocrx_word' id='word_1_262' title='bbox 262 3045 375 3099; x_wconf 79' lang='lat' dir='ltr'>occultis</span> <span class='ocrx_word' id='word_1_263' title='bbox 393 3045 429 3099; x_wconf 86' lang='lat' dir='ltr'>do</span> <span class='ocrx_word' id='word_1_264' title='bbox 447 3045 530 3099; x_wconf 87' lang='lat' dir='ltr'>rebus</span> <span class='ocrx_word' id='word_1_265' title='bbox 549 3062 603 3113; x_wconf 91' lang='lat' dir='ltr'>quo</span> <span class='ocrx_word' id='word_1_266' title='bbox 621 3043 772 3097; x_wconf 82' lang='lat' dir='ltr'>referentes</span> <span class='ocrx_word' id='word_1_267' title='bbox 827 3043 836 3080; x_wconf 63' lang='grc' dir='ltr'><em>Ρ</em></span> 
     </span>
    </p>
   </div>
   <div class='ocr_carea' id='block_1_4' title="bbox 102 3110 982 3266">
    <p class='ocr_par' dir='ltr' id='par_1_13' title="bbox 102 3110 982 3266">
     <span class='ocr_line' id='line_1_40' title="bbox 102 3110 957 3192; baseline -0.02 -14"><span class='ocrx_word' id='word_1_268' title='bbox 102 3110 266 3177; x_wconf 48' lang='lat' dir='ltr'>afirmare</span> <span class='ocrx_word' id='word_1_269' title='bbox 283 3122 327 3175; x_wconf 82' lang='lat' dir='ltr'>an&#39;</span> <span class='ocrx_word' id='word_1_270' title='bbox 359 3122 533 3192; x_wconf 83' lang='lat' dir='ltr'>&#39;quicquam</span> <span class='ocrx_word' id='word_1_271' title='bbox 581 3120 657 3172; x_wconf 91' lang='lat' dir='ltr'>tione</span> <span class='ocrx_word' id='word_1_272' title='bbox 674 3128 813 3185; x_wconf 75' lang='lat' dir='ltr'>queamus.</span> <span class='ocrx_word' id='word_1_273' title='bbox 919 3120 957 3157; x_wconf 64' lang='grc' dir='ltr'>ιιι</span> 
     </span>
     <span class='ocr_line' id='line_1_41' title="bbox 102 3136 982 3266; baseline -0.013 -15"><span class='ocrx_word' id='word_1_274' title='bbox 102 3197 165 3250; x_wconf 75' lang='lat' dir='ltr'>turn</span> <span class='ocrx_word' id='word_1_275' title='bbox 183 3212 265 3266; x_wconf 86' lang='lat' dir='ltr'>porro</span> <span class='ocrx_word' id='word_1_276' title='bbox 283 3136 645 3265; x_wconf 39' lang='lat' dir='ltr'>loefflfflsfflffaquod</span> <span class='ocrx_word' id='word_1_277' title='bbox 662 3192 744 3245; x_wconf 80' lang='lat' dir='ltr'>inane</span> <span class='ocrx_word' id='word_1_278' title='bbox 761 3194 896 3242; x_wconf 58' lang='lat' dir='ltr'>vocamus</span> <span class='ocrx_word' id='word_1_279' title='bbox 979 3210 982 3217; x_wconf 54' lang='lat'><strong>⁴</strong></span> 
     </span>
    </p>
   </div>
   <div class='ocr_carea' id='block_1_5' title="bbox 0 0 1074 3404">
    <p class='ocr_par' dir='ltr' id='par_1_14' title="bbox 0 0 1074 3404">
     <span class='ocr_line' id='line_1_42' title="bbox 0 0 1074 3404; baseline 0 0"><span class='ocrx_word' id='word_1_280' title='bbox 0 0 1074 3404; x_wconf 95' lang='lat' dir='ltr'> </span> 
     </span>
    </p>
   </div>
  </div>
 </body>
</html>
