2176 3404
546 48 577 104 V

129 156 216 210 allata
232 155 319 223 atque
335 151 410 213 111111
426 149 539 211 aliunde
555 151 664 206 obiecta
681 152 784 218 alienis,

130 233 182 287 sed
198 231 305 300 pariter
322 229 411 297 prima
428 231 559 297 concepta
576 227 612 282 ab
629 229 734 299 origine
751 228 846 283 mundi

129 313 272 379 certaque
281 322 345 374 pars
363 305 428 371 eius,
445 305 523 373 quasi
541 305 619 359 nobis
636 307 760 360 membra
775 306 912 360 videntur.

130 389 279 456 practerea
295 383 394 450 grandi
411 383 518 437 tonitru
536 399 665 438 concussa
681 387 796 452 repente
950 391 986 432 111

130 467 208 516 terro
225 476 308 530 supra
325 476 397 529 quse
414 476 445 513 se
463 463 528 514 sunt
546 459 668 514 concutit
686 460 777 514 omnia
794 463 887 524 motu3

131 537 208 607 quod
226 537 317 590 faeere
334 535 402 590 haut
419 535 477 590 ulla
492 538 587 604 posset
603 536 718 605 ratione,
735 537 788 590 nisi
805 539 880 591 essct

130 612 258 683 partibus
276 612 359 666 aeriis
377 611 473 666 mundi
490 612 619 681 caeloque
636 612 766 668 revincta.

131 707 197 744 nem
215 688 404 745 communibus
422 689 496 744 inter
513 705 543 744 se
561 688 700 755 radicibus
718 689 834 743 haerent

131 784 168 822 ex
186 767 298 820 incunte
316 782 382 819 aevo
400 766 542 821 coniuncta
559 769 644 835 atque
661 766 753 820 uniter
769 769 841 834 apta.
950 777 987 816 sss

123 860 224 912 ,nonne
241 842 319 896 rides
337 842 420 896 etiam
439 859 521 911 quam
537 859 637 911 magno
653 843 776 912 pondere
793 842 872 897 nobis

132 921 269 974 cristineat
287 935 385 987 cerpus
402 919 562 975 tenuissima
579 920 621 974 vis
637 919 737 974 animai

132 1000 282 1066 propterea
300 995 365 1064 quia
382 998 440 1049 tam
457 996 600 1050 coniuncta
617 999 702 1065 atque
719 996 811 1050 uniter
827 999 893 1064 apta
909 996 970 1049 estl

133 1073 254 1142 denique
272 1073 326 1125 iam
344 1071 417 1125 saltn
434 1072 538 1141 pernici
556 1072 652 1127 tollere
670 1089 767 1141 corpus

133 1149 203 1218 quid
211 1149 284 1217 potis
293 1151 336 1202 est
344 1147 397 1201 nisi
406 1148 447 1201 viu
456 1148 539 1202 animi
549 1166 620 1218 quae
629 1148 753 1203 membra
761 1147 914 1217 gubernati
951 1162 988 1200 too

133 1225 225 1278 iamne
242 1223 320 1277 vides
337 1229 470 1293 quantum
488 1226 579 1279 tenuis
596 1228 695 1279 natura
711 1225 803 1278 valere

133 1301 231 1369 possit,
249 1299 296 1353 ubi
314 1303 358 1354 cst
375 1301 518 1355 coniuncta
534 1301 612 1369 gravi
630 1318 693 1355 cum
709 1317 831 1370 corpore,
847 1304 881 1355 ut
898 1316 946 1353 aer

133 1376 295 1431 coniunctus
312 1377 396 1431 terris
413 1380 442 1430 et
459 1376 538 1431 nobis
556 1381 599 1432 ost
617 1377 699 1430 animi
716 1377 773 1432 visl

171 1452 197 1505 N
200 1469 231 1507 ec
248 1453 331 1507 nimio
350 1452 414 1506 solis
431 1453 518 1507 maior
535 1456 597 1509 rota
615 1469 666 1507 nec
683 1453 872 1507 minorardor

135 1545 198 1583 csse
215 1532 315 1599 potest,
333 1529 434 1582 nostris
452 1546 535 1596 quam
553 1529 677 1583 sensibus
695 1545 755 1583 esse
773 1528 889 1583 videtur.
952 1543 988 1581 tec

135 1622 201 1660 nam
220 1605 319 1674 quibus
336 1623 353 1658 e
370 1605 465 1673 spatiis
483 1621 599 1675 cumque
618 1606 696 1672 ignes
713 1604 815 1658 lumina
832 1607 947 1674 possunt

136 1682 248 1736 adicere
267 1685 296 1735 et
313 1680 431 1734 calidum
449 1680 580 1737 membris
597 1682 701 1736 adflare
718 1697 855 1751 vaporem,

135 1758 175 1812 nil
192 1758 240 1811 illa
257 1757 299 1810 his
317 1756 468 1811 intervallis
486 1757 522 1811 de
541 1773 653 1825 corpere
670 1757 756 1811 libant

135 1833 316 1900 flammarum,
334 1833 372 1886 nil
391 1832 428 1886 ad
446 1833 566 1902 speeiem
585 1837 627 1887 cat
646 1834 810 1888 contractior
826 1833 905 1902 ignis.

89 1939 123 1972 m
136 1910 260 1978 proinde,
278 1909 351 1963 calor
370 1909 498 1977 quoniam
517 1909 582 1963 solis
600 1910 747 1979 lumenque
764 1909 905 1978 profusum
954 1923 991 1963 171

90 1985 300 2055 superveniunt
318 1987 427 2039 nostros
445 1984 481 2039 ad
499 2002 594 2039 sensus
612 1990 642 2040 et
659 1986 718 2040 loca
735 1986 863 2054 mulcent,

137 2063 226 2117 forma
244 2079 352 2132 quoque
369 2061 432 2116 hinc
449 2061 514 2119 solis
532 2061 616 2116 debet
634 2062 766 2132 filumque
783 2062 878 2130 videri,

92 2139 176 2196 1111111
195 2138 264 2192 adeo
282 2142 314 2192 ut
332 2138 419 2207 possis
437 2138 498 2207 plus
517 2141 566 2192 aut
585 2139 673 2192 minus
692 2139 892 2202 1111111111

92 2241 125 2274 ω
137 2214 258 2283 lunaque
275 2215 332 2268 sire
348 2214 433 2268 notho
451 2213 540 2268 fertur
558 2214 616 2268 loca
633 2216 735 2269 lumine
753 2215 873 2268 lustrans
956 2226 993 2267 sto

138 2292 196 2345 sice
215 2308 290 2344 suam
308 2292 418 2360 proprio
435 2290 520 2344 iactat
538 2290 704 2359 decerpere
722 2291 818 2358 lucem,

138 2366 273 2436 quidquid
289 2367 320 2420 id
337 2370 387 2435 ost,
404 2366 459 2420 nile
476 2366 565 2420 fertur
581 2367 684 2421 maiore
702 2368 790 2435 ligura

139 2459 231 2511 quam,
249 2442 350 2496 nostris
366 2441 452 2496 oculis
469 2459 523 2511 qua
541 2443 683 2509 cernimus,
701 2460 761 2497 esse
779 2442 896 2497 videtur.

138 2535 203 2573 nam
221 2519 295 2588 prius
313 2519 410 2586 omnia,
429 2536 499 2586 quac
516 2519 596 2587 longe
614 2522 720 2574 semota
738 2524 849 2572 tuemur

140 2610 206 2649 aera
224 2611 275 2664 per
290 2595 414 2660 multum,
431 2595 522 2664 specie
540 2594 652 2649 confusa
670 2595 799 2649 videntur
951 2607 989 2646 teo

142 2687 225 2739 quam
242 2670 328 2724 minui
345 2671 429 2725 filum
448 2687 503 2739 qua
520 2675 634 2740 propter
650 2673 715 2725 luna
732 2687 844 2726 neeesse
861 2672 912 2737 est,

142 2746 366 2817 qnandoquidem
385 2747 485 2805 claram
504 2747 622 2815 speciem
640 2751 800 2816 certamque
818 2747 934 2815 figuram

142 2821 264 2891 praebet,
283 2826 315 2877 ut
333 2826 377 2878 est
394 2823 450 2878 oris
467 2823 599 2879 extremis
616 2839 732 2891 cumque
748 2826 845 2877 notata

143 2903 301 2969 quantaque
319 2902 449 2969 quantast
466 2900 529 2955 hinc
545 2899 624 2955 nobis
640 2899 768 2953 videatur
784 2899 814 2952 in
831 2898 895 2953 alto.

143 2978 282 3044 postremo
300 2991 485 3043 quoscumque
502 2974 579 3028 sides
596 2975 659 3027 hinc
677 2974 797 3027 aetheris
815 2973 906 3038 igues;
958 2987 994 3024 cst

143 3050 366 3120 quandoquidem
384 3065 569 3118 quoscumque
587 3049 615 3101 in
633 3048 716 3101 terris
733 3047 870 3100 cernimus
888 3047 974 3110 lyces,

143 3126 209 3181 dum
227 3130 332 3181 tremor
348 3130 388 3180 est
405 3123 502 3188 clarus,
519 3121 585 3177 dum
603 3121 724 3176 cernitur
741 3120 825 3172 ardor
842 3136 946 3185 eorum,
