2138 3404
524 137 542 194 I
926 137 964 201 27

109 259 148 298 ex
164 241 272 296 infinito
289 239 546 310 vexanturpereita
562 240 658 310 plagis,
917 253 967 296 mss

108 333 191 371 omne
207 333 294 386 genus
311 320 403 370 motus
419 319 449 371 et
465 318 560 371 coetus
577 316 747 386 experiundo

108 393 223 448 tandem
242 393 391 447 deveniunt
408 392 436 446 in
453 392 517 447 talis
535 392 721 463 disposituras,

108 468 238 539 qualibus
254 469 322 523 hacc
338 485 432 522 rerum
449 469 575 523 consistit
592 473 814 543 summacroata,

86 554 89 560 ·
108 547 140 599 et
156 544 259 599 multos
276 545 361 599 etiam
377 560 489 612 magnos
507 547 615 599 servate
632 562 682 614 per
699 536 783 599 anuos

107 625 142 676 ut
159 620 244 675 semel
260 621 289 675 in
307 623 399 675 motus
415 620 565 676 coniectast
582 621 775 690 convenientis,
916 633 966 676 msc

108 696 194 751 efficit
209 700 242 751 ut
258 696 342 765 largis
359 695 469 750 avidum
486 713 563 750 mare
580 697 698 751 fluminis
713 696 795 755 undis

109 772 252 841 integrent
269 788 363 826 amnes
380 775 410 826 ct
427 772 491 826 solis
509 776 585 847 temo
601 789 701 842 vapore

106 848 169 903 fota
186 851 268 903 novet
285 848 359 903 fctus
375 848 577 916 summissaque
589 865 657 917 gens
674 848 842 905 animantum

110 924 209 979 floreat
226 927 256 978 et
273 923 366 978 vivant
383 923 509 979 labentes
526 924 646 978 aetheris
663 924 756 993 ignes3

108 999 186 1070 qnod
202 1000 276 1054 nullo
293 1000 415 1055 facerent
431 1002 520 1069 pacto,
537 1000 589 1053 nisi
606 1001 731 1055 materiei
914 1014 964 1056 mes

107 1092 145 1129 ex
161 1076 267 1130 infinito
285 1075 402 1130 suboriri
418 1075 496 1144 copia
512 1079 612 1145 posset,

107 1151 185 1206 unde
201 1152 299 1206 amissa
316 1152 405 1206 solent
421 1167 552 1220 reparare
568 1153 596 1206 in
613 1156 737 1222 tempore
755 1168 887 1222 quaeque.

106 1244 173 1281 nam
190 1228 277 1282 veluti
297 1227 404 1297 privata
421 1226 481 1280 cibo
497 1231 598 1281 natura
614 1229 783 1282 animantum

108 1302 211 1358 diffluit
227 1304 357 1358 amittens
373 1319 479 1372 corpus,
496 1304 537 1357 sic
552 1304 643 1357 omnia
660 1303 764 1358 debent

109 1378 222 1433 dissolui
239 1379 319 1433 simm
336 1394 369 1432 ac
385 1378 487 1433 deiecit
503 1379 680 1448 suppeditare
741 1420 744 1423 ,
914 1392 979 1435 1040-

108 1455 240 1509 materies
256 1455 348 1525 aliqua
363 1454 471 1509 ratione
489 1470 585 1509 aversa
601 1455 662 1508 viai.

108 1547 160 1585 nec
177 1531 274 1600 plagae
292 1533 405 1600 possunt
422 1531 591 1585 extrinsecus
607 1530 731 1600 undique
748 1546 882 1585 summam

108 1621 270 1660 conservare
287 1620 394 1660 omnem
413 1604 600 1676 quaecumque
617 1610 661 1661 osi
677 1606 828 1662 conciliata.

108 1682 211 1736 cudere
228 1683 300 1736 euim
318 1681 414 1736 crebro
430 1685 546 1751 possunt
562 1685 725 1751 partemque
742 1682 849 1752 morari,

107 1758 175 1811 dum
193 1758 304 1812 ueniant
321 1758 390 1812 aliae
407 1775 439 1812 ac
456 1759 576 1827 suppleri
594 1774 700 1813 summa
716 1761 841 1828 questui.
913 1773 962 1815 1⁰45

107 1833 247 1888 interdum
265 1834 370 1888 resilire
387 1837 480 1888 tamen
498 1838 633 1902 cogimtur
649 1839 678 1889 et
695 1851 751 1888 una

106 1909 249 1979 principiis
266 1926 357 1964 rerum
376 1911 494 1978 spatium
513 1913 676 1980 tempusque
693 1910 768 1980 fugai

106 1984 208 2054 largiri,
226 1988 259 2039 ut
276 1987 382 2053 possint
399 2003 415 2039 a
434 1991 515 2040 coctu
532 1985 620 2040 libera
637 1986 710 2040 ferri.

108 2076 195 2128 quare
213 2060 297 2114 ctiam
314 2064 399 2131 atquc
417 2063 500 2116 ctiam
519 2061 636 2116 suboriri
653 2063 741 2117 multa
756 2065 902 2130 necessest,

107 2140 138 2190 ct
153 2141 246 2191 tamen
260 2140 292 2191 ut
304 2138 402 2206 plagae
417 2155 526 2208 quoqne
540 2138 645 2208 possint
657 2141 804 2207 suppetere
815 2138 897 2207 ipsae,
912 2151 961 2192 loto

106 2212 216 2266 infinita
232 2229 301 2282 opus
317 2216 361 2268 est
378 2214 419 2267 vis
436 2214 558 2283 undique
575 2216 707 2268 materiai.

143 2287 217 2342 lllud
235 2289 264 2341 iu
282 2289 325 2342 his
340 2289 424 2344 rebus
442 2289 523 2357 longe
540 2291 605 2358 iuge
622 2290 744 2357 credere,
763 2287 883 2358 Memmi,

106 2361 136 2414 in
153 2363 274 2417 medium
293 2380 414 2419 summac
431 2367 507 2436 quod
524 2365 619 2420 dicunt
637 2367 728 2421 omnia
744 2364 803 2434 niti,

107 2442 192 2506 atquc
209 2438 277 2492 ideo
289 2440 384 2494 muudi
403 2445 530 2496 naturam
548 2446 623 2496 stare
641 2441 699 2496 sinc
716 2441 778 2495 ullis

106 2513 206 2567 ictibus
224 2515 344 2570 externis
361 2533 452 2587 neque
470 2534 608 2588 quoquam
625 2533 706 2587 posse
723 2515 822 2571 resolvi
911 2530 959 2572 loss

106 2606 213 2644 summa
230 2593 314 2659 atque
329 2592 391 2661 ima,
409 2593 483 2661 quod
500 2595 528 2648 in
546 2592 667 2648 medium
685 2593 741 2648 sint
758 2592 847 2646 omnia
863 2593 941 2648 nixa:

105 2665 194 2734 ipsum
212 2666 235 2719 si
252 2667 397 2735 quicquam
414 2686 495 2738 posse
511 2671 540 2724 in
558 2670 703 2741 sesistsrc
721 2669 824 2725 credis:

106 2746 136 2795 ct
152 2757 224 2810 quae
240 2742 362 2810 pondera
380 2748 445 2798 sunt
462 2745 513 2800 sub
530 2747 613 2801 temis
630 2745 719 2798 omnia
737 2760 844 2798 sursum

105 2816 189 2870 nitier
205 2817 233 2870 in
251 2821 382 2889 terraque
399 2826 474 2876 retro
493 2823 665 2892 requiescere
682 2823 769 2890 posta,

104 2895 137 2946 ut
153 2904 205 2961 por
221 2909 306 2962 aquas
323 2912 393 2964 quac
410 2914 482 2953 nunc
496 2911 588 2952 rerum
605 2897 748 2950 simulacra
763 2894 893 2952 videmus
910 2909 959 2952 lom

104 2971 135 3023 et
153 2969 233 3022 simili
250 2970 356 3025 ratione
374 2974 501 3027 animalia
518 2991 605 3042 suppa
621 2971 714 3037 vagari

104 3044 275 3098 contendunt
292 3063 383 3116 neque
400 3065 481 3117 posse
498 3066 515 3102 c
532 3048 615 3102 terris
631 3047 660 3099 iu
677 3045 735 3098 loca
752 3045 820 3098 caeli

103 3120 242 3176 reccidere
259 3121 389 3177 inferiora
405 3125 494 3192 magis
512 3138 593 3191 quem
611 3135 725 3186 corpora
742 3121 838 3172 nostra

104 3200 202 3265 sponte
219 3212 270 3251 sua
285 3198 394 3266 possint
409 3199 439 3253 in
456 3197 524 3252 caeli
541 3196 645 3263 templa
662 3192 762 3246 volare
