2138 3404
89 93 126 149 22
510 87 526 143 I

86 197 117 248 at
133 208 226 247 rerum
242 207 313 261 quae
331 195 396 245 suni
412 190 568 260 primordia,
585 190 666 259 plura
683 189 815 244 adhibere

86 272 201 339 possunt
218 268 293 322 unde
310 270 414 338 queant
430 268 523 322 vanae
540 283 586 322 ros
603 283 728 336 quasque
745 267 838 321 clean.

121 346 147 399 N
149 363 202 400 unc
218 348 248 400 et
266 346 448 414 Anaxagorae
465 347 618 399 scrutemur
636 343 853 398 homoeomerian

87 439 169 492 quam
187 421 253 478 Grai
270 425 423 476 memorant
441 438 491 476 nec
508 424 603 475 nostra
620 420 712 475 dicere
729 419 824 488 lingua

87 497 213 553 concedit
230 496 310 552 nobis
326 498 408 567 patrii
427 497 558 553 senueris
575 500 692 565 egestas,
745 528 747 531 -

87 574 138 628 sed
155 577 247 628 lamen
266 574 354 643 ipsam
372 591 431 629 rem
448 573 554 628 facilest
572 590 709 648 exponere
726 570 825 627 verbis.

88 650 227 720 principio,
246 666 339 704 rerum
355 666 438 717 quom
455 649 523 704 dicit
541 649 766 716 homoeomerian,

86 743 148 780 ossa
165 725 292 781 videlicet
309 743 325 780 e
342 726 469 795 pauxillis
484 729 568 795 atque
584 725 697 780 minutis

87 801 194 856 ossibus
211 801 256 856 hic
273 807 302 857 el
320 801 357 855 de
374 802 500 870 parunillis
518 807 601 872 atque
617 801 731 856 minutis

86 878 234 933 visceribus
252 880 340 933 riscus
357 878 432 946 gigni
450 895 628 947 sanguenque
644 877 731 933 creari

86 955 224 1022 sanguinis
240 956 313 1009 inter
331 970 361 1008 so
378 954 473 1008 mullis
489 955 642 1009 coeuntibu’
661 954 749 1023 guttis

86 1048 121 1085 cx
139 1032 252 1102 aurique
269 1035 350 1102 putat
368 1030 444 1084 micis
461 1033 609 1086 consistere
626 1048 707 1101 posse

86 1124 183 1163 aurum
201 1112 230 1163 et
248 1108 283 1162 de
301 1108 384 1162 terris
401 1110 504 1161 terram
521 1124 694 1161 concrescere
711 1105 809 1174 parvis,

87 1183 196 1252 ignibus
213 1201 247 1238 ex
264 1184 350 1252 iguiss
361 1199 485 1237 umorem
502 1183 643 1236 umoribus
661 1200 729 1249 esse,

85 1265 178 1315 cetera
194 1260 326 1315 consimili
344 1259 424 1326 fingit
442 1260 548 1313 ratione
566 1263 709 1328 putatque

84 1355 135 1392 uec
152 1341 244 1393 tamen
262 1354 322 1392 esse
339 1336 395 1389 ulla
412 1339 492 1404 parte
509 1335 583 1389 idem
601 1335 628 1388 in
647 1335 728 1389 rebus
746 1335 826 1388 inane

84 1414 208 1468 coriccdit
225 1429 315 1482 neque
332 1412 493 1480 corporibus
510 1412 592 1467 finem
611 1428 671 1465 esse
688 1409 820 1467 secandis.

85 1507 171 1559 quaro
189 1490 218 1544 in
235 1494 354 1558 utraque
371 1487 437 1542 milri
454 1488 559 1557 pariter
576 1487 811 1542 ratioueridetur

86 1582 178 1621 errare
195 1569 280 1633 atque
298 1564 346 1630 illi,
364 1580 447 1632 supra
464 1579 533 1632 quos
551 1564 669 1618 diximus
687 1568 759 1618 ante.
821 1585 824 1589 ·

85 1641 158 1694 adde
176 1641 251 1708 quod
267 1639 392 1693 inbecilla
409 1641 489 1693 nimis
507 1640 656 1709 primordia
673 1640 767 1707 fingil3

86 1717 108 1769 si
126 1716 276 1785 primordia
293 1719 363 1779 suna
382 1716 461 1768 simili
480 1732 550 1784 quae
567 1716 693 1785 praedita
709 1719 836 1770 constant

86 1795 185 1845 natura
202 1792 378 1860 atquefipsae
388 1808 441 1848 ‚res
460 1795 528 1845 sunl
542 1808 684 1861 aequeque
701 1793 826 1846 laborant

86 1872 116 1922 el
133 1872 251 1937 pereuni
268 1885 357 1937 neque
374 1868 410 1922 ab
428 1868 512 1922 exitio
530 1885 574 1923 res
592 1869 647 1922 ulla
663 1869 789 1923 refrenat.
900 1882 940 1922 sao

86 1960 149 1997 uam
166 1943 234 2013 quid
251 1944 279 1998 in
298 1960 430 2013 oppressu
448 1944 539 1998 valido
557 1943 668 1999 durabit
685 1961 787 2010 eorum,

85 2025 117 2074 ui
134 2024 257 2078 inertem
269 2020 390 2088 effamini,
409 2021 458 2074 loti
476 2021 527 2075 sub
546 2020 675 2075 dentibus
692 2020 775 2088 ipsisl

85 2097 156 2165 ignis
168 2112 203 2150 an
213 2113 292 2150 umor
304 2113 340 2149 au
352 2098 435 2151 aurai
453 2096 520 2166 quid
530 2097 645 2151 horuml
664 2113 783 2164 sanguen
796 2113 830 2149 aar
842 2097 927 2150 osea?

51 2240 56 2250 ⁸
85 2174 131 2240 nil,
149 2176 182 2226 ui
199 2173 300 2241 opinor,
319 2172 366 2226 ubi
384 2189 417 2227 ex
437 2190 525 2243 aequo
542 2191 587 2228 res
604 2173 727 2228 funditus
745 2173 832 2226 omnis

85 2253 142 2304 tam
160 2250 282 2304 mortalis
299 2250 353 2304 erit
371 2266 452 2317 quam
471 2267 541 2319 quae
559 2251 703 2305 manifesta
720 2249 843 2303 videmus
899 2262 938 2302 sss

85 2343 120 2380 ex
138 2327 222 2381 oculis
239 2327 340 2380 uostris
358 2326 492 2394 eliquari
510 2329 582 2381 ricla
598 2329 694 2396 perire.

85 2406 116 2456 at
132 2419 221 2471 neque
239 2403 376 2457 reccidere
394 2403 430 2456 ad
447 2404 531 2456 nilum
550 2420 595 2457 res
611 2419 691 2472 posse
708 2419 798 2472 neque
815 2404 908 2456 aulem

84 2495 207 2533 crescere
224 2479 260 2533 de
277 2479 333 2532 nilo
350 2483 439 2533 nostor
455 2496 500 2533 ros
518 2484 583 2534 aute
600 2480 736 2549 probatas.

85 2559 230 2624 praeterea
247 2557 373 2623 quioniam
391 2553 469 2623 cibus
485 2559 568 2624 auget
585 2572 683 2625 corpus
701 2556 817 2624 alitque,¹

85 2632 154 2685 scire
171 2632 236 2686 licet
254 2632 332 2686 nobis
350 2647 432 2685 serras
450 2635 479 2686 ci
497 2649 615 2700 sanguen
634 2636 664 2687 el
681 2649 742 2686 ossa
899 2643 938 2684 ss)

84 2783 141 2836 sive
158 2782 233 2837 cibos
250 2786 336 2838 omnis
354 2786 501 2838 commixto
519 2801 631 2852 corpure
649 2785 741 2839 uliccnl

85 2873 145 2909 esse
163 2861 193 2909 et
210 2857 311 2910 habere
328 2860 357 2911 in
375 2875 405 2912 se
423 2876 566 2914 nervorum
584 2876 698 2927 corpora
714 2876 798 2929 parua

85 2945 201 2996 ossaque
220 2934 249 2982 ei
266 2933 374 2985 omnino
393 2950 474 2987 venas
491 2936 634 3002 partisque
651 2935 762 2999 cruoris

84 3002 134 3055 flet
151 3003 194 3053 uti
212 3001 288 3054 cibus
305 3006 400 3072 omnis,
418 3011 448 3060 ct
465 3008 559 3062 aridus
578 3013 607 3062 ei
624 3009 714 3076 liquor
731 3010 798 3078 ipse,

87 3091 122 3127 ex
140 3075 299 3140 alienigenis
316 3079 398 3131 robus
416 3087 542 3137 constare
560 3088 682 3152 putetur,
900 3101 938 3141 sas

88 3146 194 3200 ossibus
212 3150 241 3200 et
258 3150 348 3201 nervis
366 3154 494 3220 sanieque
511 3160 541 3209 el
559 3158 688 3224 sanguino
705 3160 799 3213 naisso.
