2190 3398
522 88 594 144 ΠΗ
689 54 703 78 ”
931 92 990 151 103

126 192 348 260 chordarumque
365 208 445 255 sonos
465 192 522 245 lieri
541 191 683 262 dulcisque
699 194 844 263 querellas,

126 269 198 340 tibia
215 285 285 339 quas
302 268 394 322 fundit
411 268 506 336 digitis
523 268 632 337 pulsata
649 273 803 335 canentum,
952 284 987 338 esp

127 351 157 400 et
174 363 262 414 genus
279 344 429 413 agricolum
446 343 503 399 lato
521 346 678 414 sentiscere,
697 363 778 415 quom
798 345 856 399 Pan

127 423 210 492 pinea
228 422 348 476 semiferi
366 422 463 490 eapitis
481 422 615 477 velamina
632 439 763 491 quassans

127 516 198 553 unce
217 515 299 567 saepe
316 498 393 553 labro
411 497 528 552 calamos
545 499 682 568 percurrit
700 497 808 566 hiantis,

127 575 222 630 fistula
240 576 395 629 silvestrem
412 591 448 629 ne
465 579 554 631 cesset
564 574 688 630 fundere
706 591 819 628 musam.
912 567 948 607 ι’

126 656 221 708 cetera
233 652 269 706 de
280 668 384 720 genere
395 651 448 705 hoe
459 655 581 706 monstra
591 668 623 707 ae
635 654 763 721 portenta
774 651 840 720 loqu
921 692 929 721 ‚
951 665 989 706 eoo

127 745 163 783 ne
180 729 241 782 loca
258 726 370 783 deserta
387 727 423 782 ab
441 728 511 782 divis
530 745 640 797 qnoque
657 728 729 783 forte
747 731 881 796 putentur

127 806 186 860 sola
203 810 308 860 tenere.
325 804 389 861 ideo
406 805 510 859 iactant
528 805 658 859 miracula
676 804 757 858 dictis

127 886 177 936 aut
195 882 286 951 aliqua
303 881 409 935 ratione
426 881 480 935 ulia
498 881 643 948 ducuntur,
662 885 694 935 ut
712 897 791 934 omne

127 957 277 1012 humaumn
293 974 381 1025 genus
398 961 442 1012 est
460 958 668 1012 avidunrninis
687 956 875 1011 avrricularurn.

163 1033 246 1100 Quod
263 1038 395 1102 superest,
413 1051 467 1088 non
485 1039 528 1088 est
545 1033 700 1088 mirandum
718 1050 773 1102 qua
791 1033 905 1101 ratione,
952 1048 988 1086 soe

127 1129 179 1181 per
196 1109 257 1165 loca
274 1127 345 1180 quae
363 1115 504 1180 nequeunt
521 1110 592 1165 oculi
610 1127 654 1165 res
671 1126 784 1164 cernere
802 1113 918 1179 apertas,

127 1188 196 1242 haec
213 1188 273 1242 loca
289 1204 340 1257 per
357 1204 438 1243 voces
456 1188 566 1242 veniant
583 1187 712 1256 aurisque
729 1186 872 1241 lacessant.

127 1265 301 1335 conloquium
318 1264 416 1319 clausis
436 1264 538 1321 loribus
556 1280 665 1334 quoquo
683 1280 764 1332 saepe
782 1262 914 1330 videmus,

126 1342 256 1395 nimirum
274 1343 339 1411 quia
356 1359 408 1401 vox
425 1358 475 1410 per
492 1342 563 1395 liena
579 1341 712 1395 foramina
729 1358 820 1396 rernm

125 1419 268 1473 incolumis
285 1419 402 1483 transire
420 1422 520 1487 potest,
538 1417 682 1472 simulacra
699 1420 835 1481 renutant
950 1430 987 1470 eor

126 1494 340 1565 perscindmrtur
358 1495 437 1561 enim,
455 1494 506 1549 uisi
524 1497 602 1548 reeta
618 1494 751 1547 foramina
767 1496 887 1559 tranant,

128 1572 220 1640 qualia
237 1575 303 1625 sunt
320 1571 408 1637 vitrei,
426 1571 531 1639 speeies
549 1588 604 1640 qua
621 1570 740 1625 travolat
758 1570 853 1626 omnis.

127 1652 273 1718 practerea
290 1649 377 1718 partis
393 1648 422 1700 in
440 1651 553 1703 cunctas
569 1647 701 1702 dividitur
719 1663 778 1712 vox,

127 1742 162 1779 ex
180 1725 240 1779 aliis
258 1724 327 1779 aliae
344 1725 471 1792 quoniam
489 1724 646 1792 gignuntur,
663 1722 711 1777 ubi
729 1739 784 1777 una

127 1801 247 1856 dissiluit
265 1800 348 1856 semel
366 1801 394 1854 iu
412 1800 513 1853 multas
531 1804 634 1868 exortu,
652 1800 730 1868 quasi
747 1799 818 1868 ignis
950 1814 988 1852 uo

126 1894 209 1948 saepe
227 1878 298 1933 solet
312 1876 432 1935 scintilla
450 1893 512 1930 suos
527 1893 560 1933 se
578 1892 708 1944 spargere
725 1874 754 1929 in
771 1876 849 1944 ignis.

126 1971 192 2022 ergo
210 1955 351 2023 replentur
368 1953 427 2007 loen
444 1952 562 2019 vocibus,
580 1952 675 2006 abdita
692 1956 768 2006 retro

126 2030 219 2082 omnia
236 2045 306 2099 quae
323 2029 425 2083 circum
442 2026 554 2082 fervunt
571 2027 717 2097 sonituque
734 2028 847 2083 cientur.

125 2109 157 2160 at
173 2106 318 2161 simulacra
335 2105 386 2159 viis
403 2104 523 2159 derectis
541 2104 630 2159 omnia
647 2103 765 2159 tendunt

125 2187 159 2237 ut
175 2187 241 2237 sunt
258 2181 457 2247 missaseme13
474 2185 642 2251 quapropter
659 2197 771 2235 eernere
789 2195 869 2233 nemo
949 2192 986 2231 uo

124 2275 236 2326 saepem
253 2257 325 2312 ultra
342 2258 483 2327 petineat,
501 2261 531 2313 at
548 2274 628 2312 voces
644 2258 769 2326 accipere
786 2260 873 2310 extra

125 2339 155 2389 et
167 2339 261 2389 tamen
271 2336 330 2404 ipsa
339 2350 449 2403 qnoque
458 2334 532 2401 llaec,
542 2335 606 2388 dnm
616 2333 717 2389 transit
726 2332 817 2388 clausa
826 2330 986 2386 domoram'

125 2427 179 2466 vox
198 2410 361 2480 optunditur
377 2415 460 2479 atque
479 2411 551 2464 auris
569 2410 681 2465 confusa
698 2411 826 2479 penetrat
978 2410 981 2419 ’

125 2491 156 2542 et
174 2488 293 2543 sonitum
310 2487 402 2555 potius
419 2503 500 2555 quarn
519 2486 603 2540 rerba
620 2486 717 2541 audire
735 2485 866 2540 videmur.

161 2565 188 2619 N
190 2582 228 2631 ee,
247 2564 294 2633 qui
312 2563 445 2617 sentimus
462 2579 564 2631 sucum,
581 2564 675 2632 lingua
692 2566 776 2631 atque
792 2562 915 2632 palatum
950 2576 986 2613 ors

125 2639 279 2711 plusculum
296 2638 400 2694 habent
416 2641 444 2693 in
462 2656 492 2693 se
509 2640 622 2694 rationis
640 2639 701 2709 plus
719 2654 856 2708 operacee.

124 2717 258 2787 principio
277 2733 370 2770 sucum
389 2715 521 2771 sentimus
539 2716 567 2769 in
586 2733 640 2783 ore,
660 2715 751 2770 cibum
770 2732 830 2768 curn

125 2792 282 2849 mandendo
300 2793 484 2862 exprimimus,
502 2811 553 2848 eeu
569 2793 678 2863 plenam
697 2793 838 2862 spongiam
857 2792 939 2860 aquai

126 2870 212 2938 siquis
228 2870 301 2924 forte
319 2886 401 2924 manu
418 2886 544 2939 premere
562 2887 595 2925 ac
612 2871 713 2924 siccare
731 2868 829 2937 coepit.

123 2946 190 3000 iude
207 2945 283 3016 qnod
299 2946 477 3016 exprimimus
493 2963 545 3015 per
562 2945 654 3000 cernas
671 2961 750 2998 omne
767 2945 854 3014 palati
948 2961 985 3000 om

125 3022 233 3077 diditur
250 3025 281 3076 ct
297 3038 378 3076 rarae
393 3021 525 3091 perplexa
542 3020 675 3074 foramina
691 3020 808 3086 linguae.

125 3098 177 3152 lroc
194 3098 243 3152 ubi
260 3098 331 3153 levia
348 3101 414 3152 sunt
430 3096 567 3151 manantis
584 3110 697 3163 eor-pora
715 3093 780 3157 suoi,

126 3175 249 3228 amanter
267 3174 408 3239 attingunt
426 3174 456 3224 ot
473 3169 594 3222 suaviter
610 3167 700 3221 omnia
718 3166 839 3218 tractant
