<?xml version="1.0" encoding="UTF-8"?>
<!DOCTYPE html PUBLIC "-//W3C//DTD XHTML 1.0 Transitional//EN"
    "http://www.w3.org/TR/xhtml1/DTD/xhtml1-transitional.dtd">
<html xmlns="http://www.w3.org/1999/xhtml" xml:lang="en" lang="en">
 <head>
  <title>
</title>
<meta http-equiv="Content-Type" content="text/html;charset=utf-8" />
  <meta name='ocr-system' content='tesseract 3.04.00' />
  <meta name='ocr-capabilities' content='ocr_page ocr_carea ocr_par ocr_line ocrx_word'/>
</head>
<body>
  <div class='ocr_page' id='page_1' title='image "./tlucreticarider08munrgoog_0214.png"; bbox 0 0 2176 3404; ppageno 0'>
   <div class='ocr_carea' id='block_1_1' title="bbox 141 113 995 288">
    <p class='ocr_par' dir='ltr' id='par_1_1' title="bbox 141 113 995 288">
     <span class='ocr_line' id='line_1_1' title="bbox 551 113 995 176; baseline 0.016 -9"><span class='ocrx_word' id='word_1_1' title='bbox 551 113 596 167; x_wconf 83' lang='lat' dir='ltr'><strong>Vl</strong></span> <span class='ocrx_word' id='word_1_2' title='bbox 939 119 995 176; x_wconf 79' lang='lat'><strong>165</strong></span> 
     </span>
     <span class='ocr_line' id='line_1_2' title="bbox 141 206 981 288; baseline 0.007 -18"><span class='ocrx_word' id='word_1_3' title='bbox 141 217 254 272; x_wconf 89' lang='lat' dir='ltr'><strong>flumina</strong></span> <span class='ocrx_word' id='word_1_4' title='bbox 271 216 412 270; x_wconf 80' lang='lat' dir='ltr'><strong>abundem</strong></span> <span class='ocrx_word' id='word_1_5' title='bbox 429 213 462 270; x_wconf 87' lang='lat' dir='ltr'><strong>ut</strong></span> <span class='ocrx_word' id='word_1_6' title='bbox 479 217 601 272; x_wconf 85' lang='lat' dir='ltr'><strong>facerent</strong></span> <span class='ocrx_word' id='word_1_7' title='bbox 617 235 782 288; x_wconf 87' lang='lat' dir='ltr'><strong>camposque</strong></span> <span class='ocrx_word' id='word_1_8' title='bbox 800 225 904 288; x_wconf 85' lang='lat' dir='ltr'><strong>natare,</strong></span> <span class='ocrx_word' id='word_1_9' title='bbox 977 206 981 212; x_wconf 44' lang='grc'>’</span> 
     </span>
    </p>
   </div>
   <div class='ocr_carea' id='block_1_2' title="bbox 138 292 999 2883">
    <p class='ocr_par' dir='ltr' id='par_1_2' title="bbox 141 292 813 349">
     <span class='ocr_line' id='line_1_3' title="bbox 141 292 813 349; baseline 0.003 -2"><span class='ocrx_word' id='word_1_10' title='bbox 141 294 166 347; x_wconf 92' lang='lat' dir='ltr'><strong>si</strong></span> <span class='ocrx_word' id='word_1_11' title='bbox 184 310 239 347; x_wconf 88' lang='lat' dir='ltr'><strong>non</strong></span> <span class='ocrx_word' id='word_1_12' title='bbox 257 293 392 346; x_wconf 77' lang='lat' dir='ltr'><strong>extructis</strong></span> <span class='ocrx_word' id='word_1_13' title='bbox 410 293 483 347; x_wconf 92' lang='lat' dir='ltr'><strong>foret</strong></span> <span class='ocrx_word' id='word_1_14' title='bbox 499 292 556 347; x_wconf 91' lang='lat' dir='ltr'><strong>alto</strong></span> <span class='ocrx_word' id='word_1_15' title='bbox 573 293 691 347; x_wconf 89' lang='lat' dir='ltr'><strong>nubibus</strong></span> <span class='ocrx_word' id='word_1_16' title='bbox 708 295 813 349; x_wconf 87' lang='lat' dir='ltr'><strong>aether.</strong></span> 
     </span>
    </p>

    <p class='ocr_par' dir='ltr' id='par_1_3' title="bbox 140 369 825 440">
     <span class='ocr_line' id='line_1_4' title="bbox 140 369 825 440; baseline 0.004 -17"><span class='ocrx_word' id='word_1_17' title='bbox 140 369 185 425; x_wconf 90' lang='lat' dir='ltr'><strong>hic</strong></span> <span class='ocrx_word' id='word_1_18' title='bbox 202 370 288 438; x_wconf 83' lang='lat' dir='ltr'><strong>igitur</strong></span> <span class='ocrx_word' id='word_1_19' title='bbox 306 370 394 424; x_wconf 87' lang='lat' dir='ltr'><strong>ventis</strong></span> <span class='ocrx_word' id='word_1_20' title='bbox 412 372 496 438; x_wconf 83' lang='lat' dir='ltr'><strong>atquc</strong></span> <span class='ocrx_word' id='word_1_21' title='bbox 513 369 621 437; x_wconf 77' lang='lat' dir='ltr'>ignibus</span> <span class='ocrx_word' id='word_1_22' title='bbox 638 370 729 424; x_wconf 87' lang='lat' dir='ltr'><strong>omnia</strong></span> <span class='ocrx_word' id='word_1_23' title='bbox 744 371 825 440; x_wconf 88' lang='lat' dir='ltr'><strong>plena</strong></span> 
     </span>
    </p>

    <p class='ocr_par' dir='ltr' id='par_1_4' title="bbox 138 446 998 594">
     <span class='ocr_line' id='line_1_5' title="bbox 138 446 998 515; baseline 0.003 -15"><span class='ocrx_word' id='word_1_24' title='bbox 138 450 221 512; x_wconf 88' lang='lat' dir='ltr'><strong>sunt;</strong></span> <span class='ocrx_word' id='word_1_25' title='bbox 240 446 303 499; x_wconf 91' lang='lat' dir='ltr'><strong>ideo</strong></span> <span class='ocrx_word' id='word_1_26' title='bbox 321 446 423 515; x_wconf 87' lang='lat' dir='ltr'><strong>passim</strong></span> <span class='ocrx_word' id='word_1_27' title='bbox 441 446 568 499; x_wconf 76' lang='lat' dir='ltr'><strong>fremitus</strong></span> <span class='ocrx_word' id='word_1_28' title='bbox 586 450 615 500; x_wconf 89' lang='lat' dir='ltr'><strong>et</strong></span> <span class='ocrx_word' id='word_1_29' title='bbox 632 446 741 514; x_wconf 80' lang='lat' dir='ltr'>fulgura</span> <span class='ocrx_word' id='word_1_30' title='bbox 758 449 835 502; x_wconf 70' lang='lat' dir='ltr'><strong>fimat.</strong></span> <span class='ocrx_word' id='word_1_31' title='bbox 961 464 998 505; x_wconf 77' lang='lat' dir='ltr'><strong>erc</strong></span> 
     </span>
     <span class='ocr_line' id='line_1_6' title="bbox 140 521 845 594; baseline 0.003 -17"><span class='ocrx_word' id='word_1_32' title='bbox 140 524 244 593; x_wconf 90' lang='lat' dir='ltr'><strong>quippe</strong></span> <span class='ocrx_word' id='word_1_33' title='bbox 262 523 365 576; x_wconf 77' lang='lat' dir='ltr'><strong>etenim</strong></span> <span class='ocrx_word' id='word_1_34' title='bbox 384 539 467 591; x_wconf 89' lang='lat' dir='ltr'><strong>supra</strong></span> <span class='ocrx_word' id='word_1_35' title='bbox 485 521 566 576; x_wconf 88' lang='lat' dir='ltr'><strong>docui</strong></span> <span class='ocrx_word' id='word_1_36' title='bbox 582 524 721 592; x_wconf 78' lang='lat' dir='ltr'><strong>penumta</strong></span> <span class='ocrx_word' id='word_1_37' title='bbox 737 525 845 594; x_wconf 80' lang='lat' dir='ltr'><strong>vaporis</strong></span> 
     </span>
    </p>

    <p class='ocr_par' dir='ltr' id='par_1_5' title="bbox 140 598 877 745">
     <span class='ocr_line' id='line_1_7' title="bbox 141 598 877 656; baseline 0.004 -3"><span class='ocrx_word' id='word_1_38' title='bbox 141 601 246 653; x_wconf 87' lang='lat' dir='ltr'><strong>semina</strong></span> <span class='ocrx_word' id='word_1_39' title='bbox 264 598 367 653; x_wconf 87' lang='lat' dir='ltr'><strong>habere</strong></span> <span class='ocrx_word' id='word_1_40' title='bbox 384 616 465 654; x_wconf 84' lang='lat' dir='ltr'><strong>cavas</strong></span> <span class='ocrx_word' id='word_1_41' title='bbox 481 598 569 652; x_wconf 88' lang='lat' dir='ltr'><strong>nubes</strong></span> <span class='ocrx_word' id='word_1_42' title='bbox 587 602 617 653; x_wconf 91' lang='lat' dir='ltr'><strong>et</strong></span> <span class='ocrx_word' id='word_1_43' title='bbox 634 599 721 653; x_wconf 88' lang='lat' dir='ltr'><strong>multa</strong></span> <span class='ocrx_word' id='word_1_44' title='bbox 737 605 877 656; x_wconf 70' lang='lat' dir='ltr'><strong>necessest</strong></span> 
     </span>
     <span class='ocr_line' id='line_1_8' title="bbox 140 674 815 745; baseline 0 -15"><span class='ocrx_word' id='word_1_45' title='bbox 140 676 285 745; x_wconf 80' lang='lat' dir='ltr'><strong>concipere</strong></span> <span class='ocrx_word' id='word_1_46' title='bbox 303 693 338 729; x_wconf 86' lang='lat' dir='ltr'><strong>ex</strong></span> <span class='ocrx_word' id='word_1_47' title='bbox 356 676 421 730; x_wconf 86' lang='lat' dir='ltr'><strong>solis</strong></span> <span class='ocrx_word' id='word_1_48' title='bbox 438 674 524 728; x_wconf 84' lang='lat' dir='ltr'><strong>radiis</strong></span> <span class='ocrx_word' id='word_1_49' title='bbox 542 675 696 744; x_wconf 81' lang='lat' dir='ltr'><strong>ardoreque</strong></span> <span class='ocrx_word' id='word_1_50' title='bbox 714 693 815 730; x_wconf 86' lang='lat' dir='ltr'><strong>eorum.</strong></span> 
     </span>
    </p>

    <p class='ocr_par' dir='ltr' id='par_1_6' title="bbox 141 751 836 820">
     <span class='ocr_line' id='line_1_9' title="bbox 141 751 836 820; baseline 0 -14"><span class='ocrx_word' id='word_1_51' title='bbox 141 753 193 807; x_wconf 88' lang='lat' dir='ltr'><strong>boc</strong></span> <span class='ocrx_word' id='word_1_52' title='bbox 210 751 259 806; x_wconf 86' lang='lat' dir='ltr'><strong>ubi</strong></span> <span class='ocrx_word' id='word_1_53' title='bbox 276 757 375 807; x_wconf 75' lang='lat' dir='ltr'><strong>uentus</strong></span> <span class='ocrx_word' id='word_1_54' title='bbox 392 768 439 806; x_wconf 88' lang='lat' dir='ltr'><strong>eas</strong></span> <span class='ocrx_word' id='word_1_55' title='bbox 457 751 531 805; x_wconf 92' lang='lat' dir='ltr'><strong>idem</strong></span> <span class='ocrx_word' id='word_1_56' title='bbox 549 752 597 820; x_wconf 92' lang='lat' dir='ltr'><strong>qui</strong></span> <span class='ocrx_word' id='word_1_57' title='bbox 614 752 689 820; x_wconf 84' lang='lat' dir='ltr'><strong>cogit</strong></span> <span class='ocrx_word' id='word_1_58' title='bbox 706 753 735 806; x_wconf 90' lang='lat' dir='ltr'><strong>in</strong></span> <span class='ocrx_word' id='word_1_59' title='bbox 751 770 836 806; x_wconf 92' lang='lat' dir='ltr'><strong>uuum</strong></span> 
     </span>
    </p>

    <p class='ocr_par' dir='ltr' id='par_1_7' title="bbox 139 828 999 1036">
     <span class='ocr_line' id='line_1_10' title="bbox 139 828 999 898; baseline 0.002 -16"><span class='ocrx_word' id='word_1_60' title='bbox 139 830 214 883; x_wconf 83' lang='lat' dir='ltr'><strong>forte</strong></span> <span class='ocrx_word' id='word_1_61' title='bbox 232 829 321 882; x_wconf 91' lang='lat' dir='ltr'><strong>locum</strong></span> <span class='ocrx_word' id='word_1_62' title='bbox 339 829 471 898; x_wconf 84' lang='lat' dir='ltr'><strong>quemvis,</strong></span> <span class='ocrx_word' id='word_1_63' title='bbox 488 829 625 897; x_wconf 87' lang='lat' dir='ltr'><strong>expressit</strong></span> <span class='ocrx_word' id='word_1_64' title='bbox 642 828 729 882; x_wconf 78' lang='lat' dir='ltr'><strong>mua</strong></span> <span class='ocrx_word' id='word_1_65' title='bbox 745 830 852 898; x_wconf 86' lang='lat' dir='ltr'><strong>vaporis</strong></span> <span class='ocrx_word' id='word_1_66' title='bbox 962 842 999 884; x_wconf 76' lang='lat'><strong>275</strong></span> 
     </span>
     <span class='ocr_line' id='line_1_11' title="bbox 141 904 847 974; baseline 0.001 -16"><span class='ocrx_word' id='word_1_67' title='bbox 141 906 247 959; x_wconf 87' lang='lat' dir='ltr'><strong>semina</strong></span> <span class='ocrx_word' id='word_1_68' title='bbox 265 922 349 974; x_wconf 89' lang='lat' dir='ltr'><strong>seque</strong></span> <span class='ocrx_word' id='word_1_69' title='bbox 367 905 447 958; x_wconf 90' lang='lat' dir='ltr'><strong>simul</strong></span> <span class='ocrx_word' id='word_1_70' title='bbox 463 921 526 959; x_wconf 88' lang='lat' dir='ltr'><strong>cum</strong></span> <span class='ocrx_word' id='word_1_71' title='bbox 543 921 576 958; x_wconf 92' lang='lat' dir='ltr'><strong>eo</strong></span> <span class='ocrx_word' id='word_1_72' title='bbox 594 904 766 959; x_wconf 88' lang='lat' dir='ltr'><strong>commiscuit</strong></span> <span class='ocrx_word' id='word_1_73' title='bbox 782 906 847 974; x_wconf 85' lang='lat' dir='ltr'><strong>igni,</strong></span> 
     </span>
     <span class='ocr_line' id='line_1_12' title="bbox 141 981 738 1036; baseline 0.002 -2"><span class='ocrx_word' id='word_1_74' title='bbox 141 982 297 1036; x_wconf 88' lang='lat' dir='ltr'><strong>insinuatus</strong></span> <span class='ocrx_word' id='word_1_75' title='bbox 314 981 353 1035; x_wconf 91' lang='lat' dir='ltr'><strong>ibi</strong></span> <span class='ocrx_word' id='word_1_76' title='bbox 371 985 469 1034; x_wconf 82' lang='lat' dir='ltr'><strong>vortex</strong></span> <span class='ocrx_word' id='word_1_77' title='bbox 487 984 614 1036; x_wconf 85' lang='lat' dir='ltr'><strong>versatur</strong></span> <span class='ocrx_word' id='word_1_78' title='bbox 632 981 659 1033; x_wconf 91' lang='lat' dir='ltr'><strong>in</strong></span> <span class='ocrx_word' id='word_1_79' title='bbox 678 985 738 1035; x_wconf 88' lang='lat' dir='ltr'><strong>arto</strong></span> 
     </span>
    </p>

    <p class='ocr_par' dir='ltr' id='par_1_8' title="bbox 142 1057 771 1113">
     <span class='ocr_line' id='line_1_13' title="bbox 142 1057 771 1113; baseline 0 -2"><span class='ocrx_word' id='word_1_80' title='bbox 142 1062 173 1112; x_wconf 90' lang='lat' dir='ltr'><strong>ot</strong></span> <span class='ocrx_word' id='word_1_81' title='bbox 191 1058 287 1113; x_wconf 81' lang='lat' dir='ltr'><strong>calidis</strong></span> <span class='ocrx_word' id='word_1_82' title='bbox 305 1058 381 1112; x_wconf 88' lang='lat' dir='ltr'><strong>acuit</strong></span> <span class='ocrx_word' id='word_1_83' title='bbox 397 1058 501 1111; x_wconf 88' lang='lat' dir='ltr'><strong>fulmen</strong></span> <span class='ocrx_word' id='word_1_84' title='bbox 518 1057 673 1111; x_wconf 79' lang='lat' dir='ltr'><strong>fornacibus</strong></span> <span class='ocrx_word' id='word_1_85' title='bbox 690 1058 771 1112; x_wconf 87' lang='lat' dir='ltr'><strong>intus.</strong></span> 
     </span>
    </p>

    <p class='ocr_par' dir='ltr' id='par_1_9' title="bbox 140 1134 999 1357">
     <span class='ocr_line' id='line_1_14' title="bbox 141 1134 860 1203; baseline -0.001 -15"><span class='ocrx_word' id='word_1_86' title='bbox 141 1152 206 1188; x_wconf 89' lang='lat' dir='ltr'><strong>uam</strong></span> <span class='ocrx_word' id='word_1_87' title='bbox 225 1134 329 1203; x_wconf 85' lang='lat' dir='ltr'><strong>duplici</strong></span> <span class='ocrx_word' id='word_1_88' title='bbox 347 1135 453 1188; x_wconf 88' lang='lat' dir='ltr'><strong>rationo</strong></span> <span class='ocrx_word' id='word_1_89' title='bbox 471 1134 637 1199; x_wconf 76' lang='lat' dir='ltr'><strong>accenditum</strong></span> <span class='ocrx_word' id='word_1_90' title='bbox 655 1135 714 1203; x_wconf 89' lang='lat' dir='ltr'><strong>ipse</strong></span> <span class='ocrx_word' id='word_1_91' title='bbox 732 1151 781 1187; x_wconf 86' lang='lat' dir='ltr'><strong>sua</strong></span> <span class='ocrx_word' id='word_1_92' title='bbox 798 1148 860 1187; x_wconf 87' lang='lat' dir='ltr'><strong>cum</strong></span> 
     </span>
     <span class='ocr_line' id='line_1_15' title="bbox 140 1210 999 1279; baseline 0 -15"><span class='ocrx_word' id='word_1_93' title='bbox 140 1210 297 1264; x_wconf 85' lang='lat' dir='ltr'><strong>mobilitate</strong></span> <span class='ocrx_word' id='word_1_94' title='bbox 315 1210 427 1263; x_wconf 84' lang='lat' dir='ltr'><strong>calescit</strong></span> <span class='ocrx_word' id='word_1_95' title='bbox 445 1214 475 1264; x_wconf 90' lang='lat' dir='ltr'><strong>et</strong></span> <span class='ocrx_word' id='word_1_96' title='bbox 492 1227 509 1264; x_wconf 89' lang='lat' dir='ltr'><strong>e</strong></span> <span class='ocrx_word' id='word_1_97' title='bbox 525 1210 688 1277; x_wconf 80' lang='lat' dir='ltr'><strong>contagibus</strong></span> <span class='ocrx_word' id='word_1_98' title='bbox 704 1211 783 1279; x_wconf 77' lang='lat' dir='ltr'><strong>iguis.</strong></span> <span class='ocrx_word' id='word_1_99' title='bbox 961 1224 999 1264; x_wconf 79' lang='lat' dir='ltr'><strong>aso</strong></span> 
     </span>
     <span class='ocr_line' id='line_1_16' title="bbox 141 1286 815 1357; baseline 0.001 -17"><span class='ocrx_word' id='word_1_100' title='bbox 141 1287 207 1341; x_wconf 87' lang='lat' dir='ltr'><strong>indo</strong></span> <span class='ocrx_word' id='word_1_101' title='bbox 225 1287 272 1340; x_wconf 90' lang='lat' dir='ltr'><strong>ubi</strong></span> <span class='ocrx_word' id='word_1_102' title='bbox 289 1287 423 1357; x_wconf 89' lang='lat' dir='ltr'><strong>percaluit</strong></span> <span class='ocrx_word' id='word_1_103' title='bbox 441 1286 516 1341; x_wconf 90' lang='lat' dir='ltr'><strong>venti</strong></span> <span class='ocrx_word' id='word_1_104' title='bbox 526 1287 574 1340; x_wconf 71' lang='lat' dir='ltr'><strong>ris</strong></span> <span class='ocrx_word' id='word_1_105' title='bbox 591 1294 617 1340; x_wconf 82' lang='lat' dir='ltr'><strong>et</strong></span> <span class='ocrx_word' id='word_1_106' title='bbox 634 1287 725 1355; x_wconf 81' lang='lat' dir='ltr'><strong>gravis</strong></span> <span class='ocrx_word' id='word_1_107' title='bbox 743 1287 815 1355; x_wconf 83' lang='lat' dir='ltr'><strong>ignis</strong></span> 
     </span>
    </p>

    <p class='ocr_par' dir='ltr' id='par_1_10' title="bbox 140 1363 852 1508">
     <span class='ocr_line' id='line_1_17' title="bbox 140 1363 852 1433; baseline 0.001 -17"><span class='ocrx_word' id='word_1_108' title='bbox 140 1364 262 1433; x_wconf 89' lang='lat' dir='ltr'><strong>impetus</strong></span> <span class='ocrx_word' id='word_1_109' title='bbox 279 1363 398 1429; x_wconf 72' lang='lat' dir='ltr'><strong>incessit</strong></span> <span class='ocrx_word' id='word_1_110' title='bbox 417 1368 556 1417; x_wconf 88' lang='lat' dir='ltr'><strong>maturum</strong></span> <span class='ocrx_word' id='word_1_111' title='bbox 574 1367 634 1417; x_wconf 92' lang='lat' dir='ltr'><strong>tum</strong></span> <span class='ocrx_word' id='word_1_112' title='bbox 652 1363 731 1432; x_wconf 87' lang='lat' dir='ltr'><strong>quasi</strong></span> <span class='ocrx_word' id='word_1_113' title='bbox 748 1363 852 1418; x_wconf 88' lang='lat' dir='ltr'><strong>fulmen</strong></span> 
     </span>
     <span class='ocr_line' id='line_1_18' title="bbox 141 1439 824 1508; baseline 0.001 -15"><span class='ocrx_word' id='word_1_114' title='bbox 141 1440 294 1508; x_wconf 87' lang='lat' dir='ltr'><strong>perscindit</strong></span> <span class='ocrx_word' id='word_1_115' title='bbox 312 1440 402 1494; x_wconf 89' lang='lat' dir='ltr'><strong>subito</strong></span> <span class='ocrx_word' id='word_1_116' title='bbox 419 1439 528 1507; x_wconf 90' lang='lat' dir='ltr'><strong>nubem,</strong></span> <span class='ocrx_word' id='word_1_117' title='bbox 545 1440 688 1508; x_wconf 83' lang='lat' dir='ltr'><strong>ferturque</strong></span> <span class='ocrx_word' id='word_1_118' title='bbox 705 1441 824 1494; x_wconf 86' lang='lat' dir='ltr'><strong>coruscis</strong></span> 
     </span>
    </p>

    <p class='ocr_par' dir='ltr' id='par_1_11' title="bbox 142 1516 859 1585">
     <span class='ocr_line' id='line_1_19' title="bbox 142 1516 859 1585; baseline 0 -16"><span class='ocrx_word' id='word_1_119' title='bbox 142 1517 234 1569; x_wconf 88' lang='lat' dir='ltr'><strong>omnia</strong></span> <span class='ocrx_word' id='word_1_120' title='bbox 250 1516 397 1570; x_wconf 86' lang='lat' dir='ltr'><strong>luminibus</strong></span> <span class='ocrx_word' id='word_1_121' title='bbox 415 1516 536 1570; x_wconf 77' lang='lat' dir='ltr'><strong>lustrans</strong></span> <span class='ocrx_word' id='word_1_122' title='bbox 554 1516 613 1569; x_wconf 88' lang='lat' dir='ltr'><strong>loca</strong></span> <span class='ocrx_word' id='word_1_123' title='bbox 631 1517 752 1585; x_wconf 88' lang='lat' dir='ltr'><strong>percitus</strong></span> <span class='ocrx_word' id='word_1_124' title='bbox 769 1516 859 1570; x_wconf 88' lang='lat' dir='ltr'><strong>ardor.</strong></span> 
     </span>
    </p>

    <p class='ocr_par' dir='ltr' id='par_1_12' title="bbox 141 1592 998 1738">
     <span class='ocr_line' id='line_1_20' title="bbox 141 1592 998 1662; baseline 0 -16"><span class='ocrx_word' id='word_1_125' title='bbox 141 1609 225 1660; x_wconf 90' lang='lat' dir='ltr'><strong>quem</strong></span> <span class='ocrx_word' id='word_1_126' title='bbox 242 1593 334 1660; x_wconf 82' lang='lat' dir='ltr'><strong>gravis</strong></span> <span class='ocrx_word' id='word_1_127' title='bbox 350 1592 504 1659; x_wconf 86' lang='lat' dir='ltr'><strong>insequitur</strong></span> <span class='ocrx_word' id='word_1_128' title='bbox 522 1593 633 1660; x_wconf 88' lang='lat' dir='ltr'><strong>sonitus,</strong></span> <span class='ocrx_word' id='word_1_129' title='bbox 653 1592 771 1661; x_wconf 84' lang='lat' dir='ltr'><strong>displosa</strong></span> <span class='ocrx_word' id='word_1_130' title='bbox 788 1595 903 1662; x_wconf 87' lang='lat' dir='ltr'><strong>repente</strong></span> <span class='ocrx_word' id='word_1_131' title='bbox 961 1607 998 1646; x_wconf 72' lang='lat' dir='ltr'><strong>ms</strong></span> 
     </span>
     <span class='ocr_line' id='line_1_21' title="bbox 141 1668 844 1738; baseline 0.001 -16"><span class='ocrx_word' id='word_1_132' title='bbox 141 1668 348 1738; x_wconf 84' lang='lat' dir='ltr'><strong>opprimerent</strong></span> <span class='ocrx_word' id='word_1_133' title='bbox 365 1668 433 1722; x_wconf 88' lang='lat' dir='ltr'><strong>caeli</strong></span> <span class='ocrx_word' id='word_1_134' title='bbox 451 1669 579 1722; x_wconf 85' lang='lat' dir='ltr'><strong>videatur</strong></span> <span class='ocrx_word' id='word_1_135' title='bbox 596 1669 701 1737; x_wconf 86' lang='lat' dir='ltr'><strong>templa</strong></span> <span class='ocrx_word' id='word_1_136' title='bbox 718 1685 844 1738; x_wconf 86' lang='lat' dir='ltr'><strong>superno.</strong></span> 
     </span>
    </p>

    <p class='ocr_par' dir='ltr' id='par_1_13' title="bbox 140 1745 998 2106">
     <span class='ocr_line' id='line_1_22' title="bbox 140 1745 915 1814; baseline 0.001 -17"><span class='ocrx_word' id='word_1_137' title='bbox 140 1745 206 1798; x_wconf 89' lang='lat' dir='ltr'><strong>inde</strong></span> <span class='ocrx_word' id='word_1_138' title='bbox 223 1747 328 1798; x_wconf 90' lang='lat' dir='ltr'><strong>tremor</strong></span> <span class='ocrx_word' id='word_1_139' title='bbox 346 1748 436 1798; x_wconf 84' lang='lat' dir='ltr'><strong>terras</strong></span> <span class='ocrx_word' id='word_1_140' title='bbox 453 1745 576 1812; x_wconf 81' lang='lat' dir='ltr'><strong>graviter</strong></span> <span class='ocrx_word' id='word_1_141' title='bbox 594 1749 765 1814; x_wconf 82' lang='lat' dir='ltr'><strong>pertemptat</strong></span> <span class='ocrx_word' id='word_1_142' title='bbox 782 1750 812 1800; x_wconf 92' lang='lat' dir='ltr'><strong>et</strong></span> <span class='ocrx_word' id='word_1_143' title='bbox 829 1745 915 1798; x_wconf 89' lang='lat' dir='ltr'><strong>altum</strong></span> 
     </span>
     <span class='ocr_line' id='line_1_23' title="bbox 141 1821 904 1890; baseline 0 -16"><span class='ocrx_word' id='word_1_144' title='bbox 141 1837 283 1874; x_wconf 81' lang='lat' dir='ltr'><strong>munuum</strong></span> <span class='ocrx_word' id='word_1_145' title='bbox 299 1837 464 1890; x_wconf 74' lang='lat' dir='ltr'><strong>percurrunt</strong></span> <span class='ocrx_word' id='word_1_146' title='bbox 482 1821 594 1875; x_wconf 86' lang='lat' dir='ltr'><strong>caelum.</strong></span> <span class='ocrx_word' id='word_1_147' title='bbox 612 1838 675 1873; x_wconf 89' lang='lat' dir='ltr'><strong>nam</strong></span> <span class='ocrx_word' id='word_1_148' title='bbox 692 1825 753 1875; x_wconf 87' lang='lat' dir='ltr'><strong>tota</strong></span> <span class='ocrx_word' id='word_1_149' title='bbox 769 1821 828 1876; x_wconf 89' lang='lat' dir='ltr'><strong>fere</strong></span> <span class='ocrx_word' id='word_1_150' title='bbox 844 1825 904 1876; x_wconf 92' lang='lat' dir='ltr'><strong>tum</strong></span> 
     </span>
     <span class='ocr_line' id='line_1_24' title="bbox 141 1896 924 1967; baseline 0.001 -16"><span class='ocrx_word' id='word_1_151' title='bbox 141 1900 295 1967; x_wconf 87' lang='lat' dir='ltr'><strong>tempestas</strong></span> <span class='ocrx_word' id='word_1_152' title='bbox 313 1913 442 1950; x_wconf 85' lang='lat' dir='ltr'><strong>concussa</strong></span> <span class='ocrx_word' id='word_1_153' title='bbox 460 1896 555 1951; x_wconf 90' lang='lat' dir='ltr'><strong>tremit</strong></span> <span class='ocrx_word' id='word_1_154' title='bbox 573 1897 755 1966; x_wconf 84' lang='lat' dir='ltr'><strong>fremitusque</strong></span> <span class='ocrx_word' id='word_1_155' title='bbox 773 1901 924 1952; x_wconf 88' lang='lat' dir='ltr'><strong>moventur.</strong></span> 
     </span>
     <span class='ocr_line' id='line_1_25' title="bbox 140 1972 998 2045; baseline 0 -18"><span class='ocrx_word' id='word_1_156' title='bbox 140 1991 197 2043; x_wconf 89' lang='lat' dir='ltr'><strong>quc</strong></span> <span class='ocrx_word' id='word_1_157' title='bbox 215 1972 252 2027; x_wconf 91' lang='lat' dir='ltr'><strong>dc</strong></span> <span class='ocrx_word' id='word_1_158' title='bbox 269 1989 402 2029; x_wconf 86' lang='lat' dir='ltr'><strong>concussu</strong></span> <span class='ocrx_word' id='word_1_159' title='bbox 420 1974 543 2040; x_wconf 89' lang='lat' dir='ltr'><strong>sequitur</strong></span> <span class='ocrx_word' id='word_1_160' title='bbox 560 1974 652 2043; x_wconf 85' lang='lat' dir='ltr'><strong>gravis</strong></span> <span class='ocrx_word' id='word_1_161' title='bbox 669 1974 758 2028; x_wconf 91' lang='lat' dir='ltr'><strong>imber</strong></span> <span class='ocrx_word' id='word_1_162' title='bbox 775 1978 805 2028; x_wconf 91' lang='lat' dir='ltr'><strong>et</strong></span> <span class='ocrx_word' id='word_1_163' title='bbox 820 1974 898 2045; x_wconf 79' lang='lat' dir='ltr'><strong>uber,</strong></span> <span class='ocrx_word' id='word_1_164' title='bbox 961 1987 998 2027; x_wconf 81' lang='lat' dir='ltr'><strong>noo</strong></span> 
     </span>
     <span class='ocr_line' id='line_1_26' title="bbox 141 2050 848 2106; baseline 0.001 -4"><span class='ocrx_word' id='word_1_165' title='bbox 141 2050 231 2104; x_wconf 89' lang='lat' dir='ltr'><strong>omnis</strong></span> <span class='ocrx_word' id='word_1_166' title='bbox 248 2050 291 2104; x_wconf 89' lang='lat' dir='ltr'><strong>uti</strong></span> <span class='ocrx_word' id='word_1_167' title='bbox 304 2050 436 2104; x_wconf 19' lang='lat' dir='ltr'><strong>*videatur</strong></span> <span class='ocrx_word' id='word_1_168' title='bbox 452 2050 481 2103; x_wconf 90' lang='lat' dir='ltr'><strong>in</strong></span> <span class='ocrx_word' id='word_1_169' title='bbox 498 2050 613 2105; x_wconf 88' lang='lat' dir='ltr'><strong>imbrem</strong></span> <span class='ocrx_word' id='word_1_170' title='bbox 631 2051 734 2106; x_wconf 82' lang='lat' dir='ltr'><strong>vertier</strong></span> <span class='ocrx_word' id='word_1_171' title='bbox 751 2050 848 2105; x_wconf 88' lang='lat' dir='ltr'><strong>aether</strong></span> 
     </span>
    </p>

    <p class='ocr_par' dir='ltr' id='par_1_14' title="bbox 141 2126 844 2196">
     <span class='ocr_line' id='line_1_27' title="bbox 141 2126 844 2196; baseline 0.003 -16"><span class='ocrx_word' id='word_1_172' title='bbox 141 2130 227 2196; x_wconf 85' lang='lat' dir='ltr'><strong>atque</strong></span> <span class='ocrx_word' id='word_1_173' title='bbox 245 2126 286 2179; x_wconf 89' lang='lat' dir='ltr'><strong>ita</strong></span> <span class='ocrx_word' id='word_1_174' title='bbox 302 2127 487 2196; x_wconf 87' lang='lat' dir='ltr'><strong>praecipitans</strong></span> <span class='ocrx_word' id='word_1_175' title='bbox 506 2127 543 2180; x_wconf 90' lang='lat' dir='ltr'><strong>ad</strong></span> <span class='ocrx_word' id='word_1_176' title='bbox 561 2126 690 2181; x_wconf 81' lang='lat' dir='ltr'><strong>diluviem</strong></span> <span class='ocrx_word' id='word_1_177' title='bbox 709 2127 844 2182; x_wconf 87' lang='lat' dir='ltr'><strong>revocari:</strong></span> 
     </span>
    </p>

    <p class='ocr_par' dir='ltr' id='par_1_15' title="bbox 141 2202 750 2272">
     <span class='ocr_line' id='line_1_28' title="bbox 141 2202 750 2272; baseline 0 -15"><span class='ocrx_word' id='word_1_178' title='bbox 141 2206 238 2257; x_wconf 86' lang='lat' dir='ltr'><strong>tantus</strong></span> <span class='ocrx_word' id='word_1_179' title='bbox 255 2202 370 2257; x_wconf 87' lang='lat' dir='ltr'><strong>discidio</strong></span> <span class='ocrx_word' id='word_1_180' title='bbox 386 2202 468 2256; x_wconf 87' lang='lat' dir='ltr'><strong>nubis</strong></span> <span class='ocrx_word' id='word_1_181' title='bbox 484 2203 614 2270; x_wconf 84' lang='lat' dir='ltr'><strong>ventique</strong></span> <span class='ocrx_word' id='word_1_182' title='bbox 631 2203 750 2272; x_wconf 88' lang='lat' dir='ltr'><strong>procella</strong></span> 
     </span>
    </p>

    <p class='ocr_par' dir='ltr' id='par_1_16' title="bbox 141 2279 829 2349">
     <span class='ocr_line' id='line_1_29' title="bbox 141 2279 829 2349; baseline 0.001 -17"><span class='ocrx_word' id='word_1_183' title='bbox 141 2280 272 2346; x_wconf 89' lang='lat' dir='ltr'><strong>mittitur,</strong></span> <span class='ocrx_word' id='word_1_184' title='bbox 290 2279 399 2333; x_wconf 88' lang='lat' dir='ltr'><strong>ardenti</strong></span> <span class='ocrx_word' id='word_1_185' title='bbox 417 2279 522 2333; x_wconf 88' lang='lat' dir='ltr'><strong>sonitus</strong></span> <span class='ocrx_word' id='word_1_186' title='bbox 538 2296 602 2333; x_wconf 91' lang='lat' dir='ltr'><strong>cum</strong></span> <span class='ocrx_word' id='word_1_187' title='bbox 619 2280 744 2349; x_wconf 89' lang='lat' dir='ltr'><strong>provolat</strong></span> <span class='ocrx_word' id='word_1_188' title='bbox 764 2280 829 2333; x_wconf 88' lang='lat' dir='ltr'><strong>ictu.</strong></span> 
     </span>
    </p>

    <p class='ocr_par' dir='ltr' id='par_1_17' title="bbox 140 2356 998 2498">
     <span class='ocr_line' id='line_1_30' title="bbox 140 2356 998 2410; baseline -0.001 0"><span class='ocrx_word' id='word_1_189' title='bbox 140 2359 186 2410; x_wconf 89' lang='lat' dir='ltr'><strong>ost</strong></span> <span class='ocrx_word' id='word_1_190' title='bbox 204 2357 367 2409; x_wconf 77' lang='lat' dir='ltr'><strong>etiamnum</strong></span> <span class='ocrx_word' id='word_1_191' title='bbox 385 2357 426 2410; x_wconf 85' lang='lat' dir='ltr'><strong>vis</strong></span> <span class='ocrx_word' id='word_1_192' title='bbox 443 2356 614 2410; x_wconf 85' lang='lat' dir='ltr'><strong>extrinsecus</strong></span> <span class='ocrx_word' id='word_1_193' title='bbox 631 2356 716 2410; x_wconf 86' lang='lat' dir='ltr'><strong>incita</strong></span> <span class='ocrx_word' id='word_1_194' title='bbox 733 2357 807 2410; x_wconf 87' lang='lat' dir='ltr'><strong>venti</strong></span> <span class='ocrx_word' id='word_1_195' title='bbox 962 2370 998 2409; x_wconf 79' lang='lat' dir='ltr'><strong>aas</strong></span> 
     </span>
     <span class='ocr_line' id='line_1_31' title="bbox 141 2431 808 2498; baseline 0 -13"><span class='ocrx_word' id='word_1_196' title='bbox 141 2432 239 2486; x_wconf 87' lang='lat' dir='ltr'><strong>incidit</strong></span> <span class='ocrx_word' id='word_1_197' title='bbox 256 2433 284 2486; x_wconf 88' lang='lat' dir='ltr'><strong>in</strong></span> <span class='ocrx_word' id='word_1_198' title='bbox 301 2432 418 2486; x_wconf 87' lang='lat' dir='ltr'><strong>calidam</strong></span> <span class='ocrx_word' id='word_1_199' title='bbox 435 2435 544 2485; x_wconf 85' lang='lat' dir='ltr'><strong>maturo</strong></span> <span class='ocrx_word' id='word_1_200' title='bbox 560 2431 674 2485; x_wconf 88' lang='lat' dir='ltr'><strong>fulmine</strong></span> <span class='ocrx_word' id='word_1_201' title='bbox 692 2431 792 2486; x_wconf 91' lang='lat' dir='ltr'><strong>nubem</strong></span> <span class='ocrx_word' id='word_1_202' title='bbox 801 2452 808 2498; x_wconf 90' lang='lat'>;</span> 
     </span>
    </p>

    <p class='ocr_par' dir='ltr' id='par_1_18' title="bbox 141 2507 887 2654">
     <span class='ocr_line' id='line_1_32' title="bbox 141 2507 887 2577; baseline -0.001 -15"><span class='ocrx_word' id='word_1_203' title='bbox 141 2525 225 2577; x_wconf 84' lang='lat' dir='ltr'><strong>quom</strong></span> <span class='ocrx_word' id='word_1_204' title='bbox 243 2525 305 2561; x_wconf 90' lang='lat' dir='ltr'><strong>cum</strong></span> <span class='ocrx_word' id='word_1_205' title='bbox 322 2508 461 2576; x_wconf 84' lang='lat' dir='ltr'><strong>perscidit,</strong></span> <span class='ocrx_word' id='word_1_206' title='bbox 479 2507 619 2577; x_wconf 81' lang='lat' dir='ltr'><strong>extemplo</strong></span> <span class='ocrx_word' id='word_1_207' title='bbox 636 2508 711 2562; x_wconf 86' lang='lat' dir='ltr'><strong>cadit</strong></span> <span class='ocrx_word' id='word_1_208' title='bbox 727 2508 823 2577; x_wconf 78' lang='lat' dir='ltr'><strong>igneus</strong></span> <span class='ocrx_word' id='word_1_209' title='bbox 840 2508 887 2562; x_wconf 90' lang='lat' dir='ltr'><strong>ille</strong></span> 
     </span>
     <span class='ocr_line' id='line_1_33' title="bbox 141 2584 869 2654; baseline 0.001 -17"><span class='ocrx_word' id='word_1_210' title='bbox 141 2589 239 2639; x_wconf 72' lang='lat' dir='ltr'><strong>uertex</strong></span> <span class='ocrx_word' id='word_1_211' title='bbox 257 2601 338 2653; x_wconf 88' lang='lat' dir='ltr'><strong>quem</strong></span> <span class='ocrx_word' id='word_1_212' title='bbox 356 2584 446 2654; x_wconf 87' lang='lat' dir='ltr'><strong>patrio</strong></span> <span class='ocrx_word' id='word_1_213' title='bbox 463 2585 614 2638; x_wconf 83' lang='lat' dir='ltr'><strong>vocitamus</strong></span> <span class='ocrx_word' id='word_1_214' title='bbox 632 2586 741 2639; x_wconf 89' lang='lat' dir='ltr'><strong>nominc</strong></span> <span class='ocrx_word' id='word_1_215' title='bbox 758 2585 869 2639; x_wconf 86' lang='lat' dir='ltr'><strong>fulmen.</strong></span> 
     </span>
    </p>

    <p class='ocr_par' dir='ltr' id='par_1_19' title="bbox 142 2661 917 2730">
     <span class='ocr_line' id='line_1_34' title="bbox 142 2661 917 2730; baseline -0.001 -15"><span class='ocrx_word' id='word_1_216' title='bbox 142 2662 195 2715; x_wconf 83' lang='lat' dir='ltr'><strong>lroc</strong></span> <span class='ocrx_word' id='word_1_217' title='bbox 212 2662 245 2716; x_wconf 87' lang='lat' dir='ltr'><strong>fit</strong></span> <span class='ocrx_word' id='word_1_218' title='bbox 262 2661 337 2714; x_wconf 91' lang='lat' dir='ltr'><strong>idem</strong></span> <span class='ocrx_word' id='word_1_219' title='bbox 354 2662 382 2714; x_wconf 92' lang='lat' dir='ltr'><strong>iu</strong></span> <span class='ocrx_word' id='word_1_220' title='bbox 399 2661 487 2730; x_wconf 89' lang='lat' dir='ltr'><strong>partis</strong></span> <span class='ocrx_word' id='word_1_221' title='bbox 505 2661 578 2726; x_wconf 86' lang='lat' dir='ltr'><strong>alias,</strong></span> <span class='ocrx_word' id='word_1_222' title='bbox 596 2678 768 2730; x_wconf 87' lang='lat' dir='ltr'><strong>quocumque</strong></span> <span class='ocrx_word' id='word_1_223' title='bbox 786 2662 852 2716; x_wconf 89' lang='lat' dir='ltr'><strong>tulit</strong></span> <span class='ocrx_word' id='word_1_224' title='bbox 868 2661 917 2714; x_wconf 90' lang='lat' dir='ltr'><strong>vls.</strong></span> 
     </span>
    </p>

    <p class='ocr_par' dir='ltr' id='par_1_20' title="bbox 141 2736 999 2883">
     <span class='ocr_line' id='line_1_35' title="bbox 142 2736 999 2808; baseline 0.001 -17"><span class='ocrx_word' id='word_1_225' title='bbox 142 2738 176 2791; x_wconf 86' lang='lat' dir='ltr'><strong>fit</strong></span> <span class='ocrx_word' id='word_1_226' title='bbox 193 2753 303 2808; x_wconf 90' lang='lat' dir='ltr'><strong>quoquc</strong></span> <span class='ocrx_word' id='word_1_227' title='bbox 320 2741 353 2792; x_wconf 89' lang='lat' dir='ltr'><strong>ut</strong></span> <span class='ocrx_word' id='word_1_228' title='bbox 370 2737 510 2791; x_wconf 90' lang='lat' dir='ltr'><strong>interdum</strong></span> <span class='ocrx_word' id='word_1_229' title='bbox 529 2736 602 2790; x_wconf 85' lang='lat' dir='ltr'><strong>venti</strong></span> <span class='ocrx_word' id='word_1_230' title='bbox 621 2737 662 2790; x_wconf 83' lang='lat' dir='ltr'><strong>vis</strong></span> <span class='ocrx_word' id='word_1_231' title='bbox 679 2738 762 2790; x_wconf 87' lang='lat' dir='ltr'><strong>missa</strong></span> <span class='ocrx_word' id='word_1_232' title='bbox 779 2738 837 2791; x_wconf 90' lang='lat' dir='ltr'><strong>sine</strong></span> <span class='ocrx_word' id='word_1_233' title='bbox 855 2737 913 2805; x_wconf 81' lang='lat' dir='ltr'><strong>igni</strong></span> <span class='ocrx_word' id='word_1_234' title='bbox 961 2751 999 2792; x_wconf 75' lang='lat' dir='ltr'><strong>ooo</strong></span> 
     </span>
     <span class='ocr_line' id='line_1_36' title="bbox 141 2813 789 2883; baseline 0 -16"><span class='ocrx_word' id='word_1_235' title='bbox 141 2813 259 2883; x_wconf 78' lang='lat' dir='ltr'><strong>igniscat</strong></span> <span class='ocrx_word' id='word_1_236' title='bbox 275 2817 368 2867; x_wconf 89' lang='lat' dir='ltr'><strong>tamen</strong></span> <span class='ocrx_word' id='word_1_237' title='bbox 385 2814 413 2866; x_wconf 93' lang='lat' dir='ltr'><strong>in</strong></span> <span class='ocrx_word' id='word_1_238' title='bbox 432 2814 521 2883; x_wconf 88' lang='lat' dir='ltr'><strong>spatio</strong></span> <span class='ocrx_word' id='word_1_239' title='bbox 537 2814 671 2882; x_wconf 85' lang='lat' dir='ltr'><strong>longoque</strong></span> <span class='ocrx_word' id='word_1_240' title='bbox 687 2816 789 2881; x_wconf 89' lang='lat' dir='ltr'><strong>meatu,</strong></span> 
     </span>
    </p>
   </div>
   <div class='ocr_carea' id='block_1_3' title="bbox 61 2889 888 2959">
    <p class='ocr_par' dir='ltr' id='par_1_21' title="bbox 61 2889 888 2959">
     <span class='ocr_line' id='line_1_37' title="bbox 61 2889 888 2959; baseline 0.002 -16"><span class='ocrx_word' id='word_1_241' title='bbox 61 2934 66 2943; x_wconf 93' lang='lat'>.</span> <span class='ocrx_word' id='word_1_242' title='bbox 142 2891 210 2944; x_wconf 88' lang='lat' dir='ltr'><strong>dum</strong></span> <span class='ocrx_word' id='word_1_243' title='bbox 227 2889 310 2956; x_wconf 82' lang='lat' dir='ltr'><strong>vonit,</strong></span> <span class='ocrx_word' id='word_1_244' title='bbox 328 2890 459 2945; x_wconf 88' lang='lat' dir='ltr'><strong>amittens</strong></span> <span class='ocrx_word' id='word_1_245' title='bbox 476 2891 504 2943; x_wconf 91' lang='lat' dir='ltr'><strong>iu</strong></span> <span class='ocrx_word' id='word_1_246' title='bbox 522 2906 604 2943; x_wconf 85' lang='lat' dir='ltr'><strong>cursu</strong></span> <span class='ocrx_word' id='word_1_247' title='bbox 621 2906 735 2959; x_wconf 86' lang='lat' dir='ltr'><strong>corpora</strong></span> <span class='ocrx_word' id='word_1_248' title='bbox 752 2891 888 2959; x_wconf 88' lang='lat' dir='ltr'><strong>quaedam</strong></span> 
     </span>
    </p>
   </div>
   <div class='ocr_carea' id='block_1_4' title="bbox 142 2966 999 3259">
    <p class='ocr_par' dir='ltr' id='par_1_22' title="bbox 142 2966 969 3111">
     <span class='ocr_line' id='line_1_38' title="bbox 142 2966 969 3036; baseline 0.001 -17"><span class='ocrx_word' id='word_1_249' title='bbox 142 2966 258 3036; x_wconf 75' lang='lat' dir='ltr'><strong>granffia</strong></span> <span class='ocrx_word' id='word_1_250' title='bbox 276 2983 346 3035; x_wconf 89' lang='lat' dir='ltr'><strong>quae</strong></span> <span class='ocrx_word' id='word_1_251' title='bbox 363 2970 503 3035; x_wconf 86' lang='lat' dir='ltr'><strong>nequeunt</strong></span> <span class='ocrx_word' id='word_1_252' title='bbox 519 2967 624 3035; x_wconf 85' lang='lat' dir='ltr'><strong>pariter</strong></span> <span class='ocrx_word' id='word_1_253' title='bbox 641 2971 788 3036; x_wconf 88' lang='lat' dir='ltr'><strong>penetrare</strong></span> <span class='ocrx_word' id='word_1_254' title='bbox 805 2983 856 3035; x_wconf 86' lang='lat' dir='ltr'><strong>per</strong></span> <span class='ocrx_word' id='word_1_255' title='bbox 873 2982 969 3033; x_wconf 81' lang='lat' dir='ltr'><strong>auros3</strong></span> 
     </span>
     <span class='ocr_line' id='line_1_39' title="bbox 143 3041 787 3111; baseline -0.002 -14"><span class='ocrx_word' id='word_1_256' title='bbox 143 3047 227 3111; x_wconf 87' lang='lat' dir='ltr'><strong>atque</strong></span> <span class='ocrx_word' id='word_1_257' title='bbox 244 3042 299 3095; x_wconf 89' lang='lat' dir='ltr'><strong>alia</strong></span> <span class='ocrx_word' id='word_1_258' title='bbox 316 3059 350 3095; x_wconf 88' lang='lat' dir='ltr'><strong>ex</strong></span> <span class='ocrx_word' id='word_1_259' title='bbox 368 3042 427 3110; x_wconf 91' lang='lat' dir='ltr'><strong>ipso</strong></span> <span class='ocrx_word' id='word_1_260' title='bbox 444 3041 593 3095; x_wconf 87' lang='lat' dir='ltr'><strong>conradens</strong></span> <span class='ocrx_word' id='word_1_261' title='bbox 611 3058 675 3096; x_wconf 85' lang='lat' dir='ltr'><strong>aero</strong></span> <span class='ocrx_word' id='word_1_262' title='bbox 691 3046 787 3111; x_wconf 84' lang='lat' dir='ltr'><strong>portat</strong></span> 
     </span>
    </p>

    <p class='ocr_par' dir='ltr' id='par_1_23' title="bbox 143 3116 999 3259">
     <span class='ocr_line' id='line_1_40' title="bbox 143 3116 999 3188; baseline -0.004 -17"><span class='ocrx_word' id='word_1_263' title='bbox 143 3118 256 3188; x_wconf 79' lang='lat' dir='ltr'><strong>parvola</strong></span> <span class='ocrx_word' id='word_1_264' title='bbox 274 3134 343 3186; x_wconf 87' lang='lat' dir='ltr'><strong>quae</strong></span> <span class='ocrx_word' id='word_1_265' title='bbox 360 3117 463 3170; x_wconf 84' lang='lat' dir='ltr'><strong>faciunt</strong></span> <span class='ocrx_word' id='word_1_266' title='bbox 480 3116 570 3182; x_wconf 83' lang='lat' dir='ltr'><strong>ignem</strong></span> <span class='ocrx_word' id='word_1_267' title='bbox 588 3118 737 3170; x_wconf 87' lang='lat' dir='ltr'><strong>commixta</strong></span> <span class='ocrx_word' id='word_1_268' title='bbox 754 3116 885 3182; x_wconf 87' lang='lat' dir='ltr'><strong>volando;</strong></span> <span class='ocrx_word' id='word_1_269' title='bbox 961 3129 999 3168; x_wconf 81' lang='lat' dir='ltr'><strong>sos</strong></span> 
     </span>
     <span class='ocr_line' id='line_1_41' title="bbox 143 3190 785 3259; baseline -0.005 -12"><span class='ocrx_word' id='word_1_270' title='bbox 143 3211 197 3247; x_wconf 89' lang='lat' dir='ltr'><strong>uon</strong></span> <span class='ocrx_word' id='word_1_271' title='bbox 216 3193 270 3246; x_wconf 85' lang='lat' dir='ltr'><strong>ulia</strong></span> <span class='ocrx_word' id='word_1_272' title='bbox 287 3194 367 3259; x_wconf 82' lang='lat' dir='ltr'><strong>longe</strong></span> <span class='ocrx_word' id='word_1_273' title='bbox 384 3191 490 3244; x_wconf 88' lang='lat' dir='ltr'><strong>rationo</strong></span> <span class='ocrx_word' id='word_1_274' title='bbox 508 3206 539 3243; x_wconf 85' lang='lat' dir='ltr'><strong>ac</strong></span> <span class='ocrx_word' id='word_1_275' title='bbox 557 3190 685 3257; x_wconf 85' lang='lat' dir='ltr'><strong>plumbea</strong></span> <span class='ocrx_word' id='word_1_276' title='bbox 703 3207 785 3259; x_wconf 90' lang='lat' dir='ltr'><strong>saepe</strong></span> 
     </span>
    </p>
   </div>
   <div class='ocr_carea' id='block_1_5' title="bbox 0 0 1094 3404">
    <p class='ocr_par' dir='ltr' id='par_1_24' title="bbox 0 0 1094 3404">
     <span class='ocr_line' id='line_1_42' title="bbox 0 0 1094 3404; baseline 0 0"><span class='ocrx_word' id='word_1_277' title='bbox 0 0 1094 3404; x_wconf 95' lang='lat' dir='ltr'><strong> </strong></span> 
     </span>
    </p>
   </div>
  </div>
 </body>
</html>
