2176 3404
534 117 585 173 VI
927 123 986 186 189

119 220 240 274 volvero
257 217 286 272 in
304 235 352 274 ore
369 219 453 274 licere
470 221 501 273 et
518 218 586 272 caeli
603 218 708 286 templa
725 220 804 283 tueri,

24 268 26 331 l
118 296 178 350 hoc
197 295 258 349 aliis
276 297 337 348 erat
354 293 440 349 exitio
458 294 600 363 letumque
617 293 743 363 parabat.

24 382 26 411 l
70 372 196 427 moinud
214 373 243 425 in
259 371 302 425 lris
319 371 402 425 robus
419 369 604 424 miserandum
621 386 786 440 magnopere
803 389 887 428 unum

118 446 314 505 aerumnabile
331 450 400 514 erat,
418 445 493 516 quod
510 445 557 500 ubi
575 463 605 500 so
623 446 738 515 quisque
756 448 868 504 ridebat
937 464 986 505 12³0

117 526 292 596 implicitum
308 523 413 591 morbo,
430 522 513 577 morti
530 522 676 577 damnatus
693 526 728 577 ut
745 528 828 592 osset,

120 603 259 658 deficiens
277 602 368 656 auimo
385 604 491 656 maesto
508 617 571 655 cum
588 601 671 655 corde
688 600 803 669 iacebat,

119 681 224 734 funera
241 681 400 748 respectans
418 677 537 731 animam
554 676 702 732 amittebat
719 676 831 732 ibidem.

73 779 114 813 uss
160 754 328 809 Incomitata
344 753 564 823 rspicertamnt
579 754 676 807 limera
693 757 785 818 vasta;

72 859 114 893 ms
121 832 230 902 quippe
247 830 350 885 etenim
368 830 443 884 nullo
460 829 605 885 cessabant
622 833 748 898 temporo
765 830 850 900 apisci
935 847 984 886 12³5

122 927 160 963 ex
181 908 241 961 aliis
258 907 326 961 alios
343 906 417 961 aridi
434 907 561 974 contagia
577 906 673 973 morbi,

74 998 114 1031 Μ
122 986 262 1053 lanigeras
279 986 420 1052 tamquam
436 981 558 1052 pecudes
575 986 605 1037 et
622 982 724 1038 bucera
740 985 836 1039 saecla.

74 1062 211 1130 rmidquo
229 1060 273 1115 vel
290 1061 318 1114 in
335 1059 433 1129 primis
449 1059 607 1114 cumulabat
623 1059 719 1113 funere
736 1059 825 1117 funus

122 1155 190 1192 nam
210 1138 376 1207 quicumque
393 1152 458 1191 suos
476 1134 633 1204 fugitabant
650 1135 738 1190 visere
755 1136 792 1190 ad
809 1152 913 1206 augrus,

122 1215 192 1269 vitai
211 1215 323 1268 nimium
341 1214 455 1283 cupidos
471 1213 621 1282 mortisque
638 1212 763 1267 timentis
934 1230 983 1269 raso

76 1302 116 1334 ¹2³⁰
123 1291 258 1363 poenibat
276 1290 359 1360 paulo
376 1293 440 1360 post
456 1289 531 1358 turpi
548 1291 639 1344 morte
655 1289 790 1359 malaque,

124 1370 261 1436 desertos,
279 1367 340 1437 opis
357 1367 486 1437 expertia,
504 1366 607 1420 incuria
624 1368 754 1421 mactans

124 1445 174 1514 qui
193 1444 302 1498 fuerant
318 1446 412 1498 autem
429 1446 547 1511 praesto,
565 1441 820 1511 contagibus'ibant

125 1524 213 1590 alque
230 1520 332 1588 labore,
349 1519 440 1590 pudor
457 1534 540 1587 quem
556 1521 617 1572 tum
634 1518 752 1587 cogebat
768 1517 846 1574 obire
1054 1578 1061 1583 ,

126 1595 281 1665 blandaque
298 1596 431 1651 lassorum
448 1611 500 1649 vox
518 1594 606 1649 mixta
624 1610 689 1649 voce
706 1593 851 1662 querellae.
934 1611 994 1650 1245.

77 1688 119 1723 rm
126 1673 248 1743 optimus
263 1672 317 1729 boc
334 1671 384 1726 leti
401 1688 489 1740 genus
506 1687 572 1739 ergo
590 1670 707 1741 quisque
725 1669 843 1726 subibat.

125 1824 209 1893 inque
226 1824 287 1879 aliis
303 1823 394 1892 alium,
412 1823 542 1894 populum
560 1815 676 1894 sepelire
693 1840 804 1879 suorum

127 1904 279 1956 certantes:
298 1901 416 1955 lacrimis
432 1901 497 1954 lassi
513 1900 644 1969 luctuque
661 1900 804 1968 redibant3

126 1977 193 2030 inde
209 1976 309 2031 bonam
326 1979 434 2046 partem
452 1977 481 2030 in
498 1976 600 2030 lectum
617 1993 742 2032 maerore
759 1978 903 2032 dabantur.

127 2056 294 2122 necpoterat
302 2053 448 2122 quisquam
457 2052 581 2122 reperiri,
590 2070 673 2123 quem
682 2070 772 2123 nequo
781 2054 893 2109 morbus
933 2069 981 2108 mn

128 2145 178 2184 nec
195 2146 269 2183 mors
278 2145 335 2185 nec
351 2129 442 2183 luctus
458 2132 610 2197 temptaret
626 2134 751 2198 tempore
768 2131 824 2185 tali.

164 2205 313 2260 Praeterea
328 2205 383 2260 iam
400 2207 495 2275 pastor
513 2208 544 2260 et
560 2206 742 2260 armentarius
759 2208 847 2261 omnis

129 2285 158 2336 et
174 2281 305 2336 robustus
321 2282 387 2336 item
406 2281 481 2336 curvi
498 2282 657 2337 moderator
674 2283 760 2337 aratri

128 2359 280 2427 languebat
297 2358 463 2429 penitusque
481 2374 543 2412 casa
560 2363 689 2414 contrusa
704 2359 830 2415 iacebant

128 2450 242 2505 corpora
258 2438 422 2504 paupertate
441 2438 470 2490 ct
487 2434 585 2489 morbo
602 2434 698 2490 dedita
714 2437 803 2490 morti.
932 2447 981 2489 mm

129 2512 260 2565 exanimis
276 2512 370 2580 pueris
386 2527 470 2581 super
487 2511 642 2579 exanimata
657 2515 802 2581 parentum

129 2603 242 2656 corpora
259 2603 462 2657 nonnumquam
480 2604 575 2658 posses
592 2592 722 2657 retroque
739 2587 834 2643 videro

128 2662 261 2718 matribus
278 2668 308 2719 et
324 2665 453 2735 patribus
467 2668 549 2719 natos
564 2681 648 2734 super
665 2665 748 2720 cdere
766 2665 857 2720 vitam.

129 2756 177 2794 nec
193 2740 333 2795 minimam
350 2744 459 2811 partem
476 2759 511 2796 ex
529 2743 602 2810 agris
618 2741 643 2796 is
660 2758 769 2796 maeror
786 2743 815 2796 in
831 2741 929 2798 urbem

129 2816 264 2885 confluxit,
282 2817 413 2887 languens
432 2835 514 2887 quem
531 2818 647 2873 contulit
664 2819 842 2887 agricolai-mn
932 2832 981 2874 uso

130 2893 205 2962 eopia
222 2894 383 2948 conveniens
401 2911 435 2949 ex
453 2893 527 2948 omni
545 2895 671 2950 morbida
687 2899 774 2964 parte.

131 2969 216 3023 omnia
234 2970 397 3038 conplebant
413 2971 473 3025 loca
489 2974 634 3040 tectaque;
652 2988 706 3042 quo
723 2972 810 3041 magis
827 2975 890 3028 astu

131 3046 263 3100 confertos
280 3047 320 3099 ita
337 3047 485 3100 acervatim
502 3063 576 3100 mors
593 3048 788 3101 accumulabat.

132 3121 214 3175 multa
231 3121 277 3173 siti
294 3124 437 3189 protracta
452 3122 524 3173 viam
541 3138 592 3188 per
608 3138 714 3191 proque
731 3121 824 3176 voluta

132 3212 240 3264 corpora
258 3195 358 3248 silanos
375 3193 411 3247 ad
428 3211 560 3262 aquarum
578 3199 666 3250 strata
683 3196 809 3250 iacebant
931 3211 979 3249 nos
