2176 3404
90 101 148 158 140
331 116 338 127 ¹
500 96 522 152 V

88 219 142 273 quo
160 203 249 257 minus
266 205 310 257 est
327 203 426 255 mirum
444 201 468 254 si
486 204 563 255 certo
580 202 705 269 tempore
721 200 787 255 luna

87 280 210 348 gignitur
228 285 257 334 ct
275 282 351 333 certo
370 278 479 330 deletur
497 281 621 345 tempore
639 294 726 345 rusus,

87 373 150 410 eum
168 356 227 409 fieri
245 356 350 423 possint
366 358 424 408 tam
442 358 517 407 certo
536 357 660 421 tempore
677 354 770 407 multa.
909 368 950 408 ⁷50

123 432 194 487 Solis
211 432 278 486 item
296 447 404 500 quoque
423 430 547 484 defectus
566 430 701 498 lumaequc
718 430 839 484 latebras

87 508 211 577 pluribus
229 525 245 562 e
262 506 350 561 causis
368 506 428 560 ficri
446 506 498 560 tibi
515 522 595 574 posse
612 507 799 575 putandumst.

88 601 152 638 uam
170 602 219 639 cur
236 584 300 637 luna
317 586 401 652 queat
418 586 521 635 terram
540 582 681 636 secludere
700 582 763 637 solis

86 659 189 714 lumine
206 663 235 714 et
253 676 269 712 a
287 660 370 712 terris
386 658 472 711 altum
490 662 572 725 caput
590 657 733 713 obstruere
750 659 783 726 ci,

88 736 208 790 obiciens
226 752 338 789 caecum
356 734 441 788 radiis
458 734 620 789 ardentibus
638 736 747 799 orbem;
907 747 947 788 755

88 815 213 880 tempore
230 810 328 864 cedern
346 811 414 864 aliut
431 811 521 864 faeere
533 810 563 863 id
580 828 634 864 non
651 828 731 880 posse
750 814 865 880 putetur

87 904 185 957 corpus
203 887 278 956 qued
295 904 400 940 cassum
418 886 528 940 labatur
545 888 646 941 lumine
664 889 787 956 semperl

88 963 182 1031 solque
200 980 263 1017 suos
282 964 365 1016 etiarn
383 962 524 1018 dimittere
542 962 687 1032 languidus
706 963 775 1031 ignis

88 1043 213 1107 tempore
230 1056 280 1093 eur
296 1043 372 1092 certo
388 1043 509 1107 nequeat
527 1055 706 1109 recreareque
724 1039 824 1108 lumen,

88 1132 150 1170 cum
167 1115 226 1170 loca
243 1115 388 1186 praeteriit
406 1114 522 1168 dammis
539 1115 640 1170 infesta
656 1133 706 1185 per
724 1133 811 1183 auras,
907 1128 950 1171 ren

88 1209 158 1262 quae
175 1192 279 1246 faciunt
296 1191 368 1260 ignis
386 1191 560 1259 interstingui
577 1196 661 1261 atque
679 1192 788 1261 periret

89 1272 119 1322 et
136 1286 185 1322 eur
202 1271 277 1322 terra
295 1270 379 1336 queat
395 1267 488 1320 lunam
507 1267 623 1336 spoliare
640 1268 758 1323 vicissim

88 1345 189 1399 lumine
207 1349 236 1399 et
253 1361 413 1414 oppressum
431 1343 515 1397 solem
534 1361 616 1413 super
633 1345 692 1413 ipsa
709 1348 811 1410 tenero,

92 1425 230 1475 menstrua
248 1420 313 1475 dum
332 1421 433 1489 rigidas
451 1421 510 1473 coni
530 1420 682 1489 perlabitur
699 1421 825 1489 umbras;

90 1501 214 1565 tempore
233 1498 330 1551 codem
348 1497 417 1551 aliut
433 1499 553 1566 nequeat
571 1512 731 1550 succurrere
748 1497 828 1549 lunae
907 1511 948 1551 aas

91 1589 190 1642 eorpus
208 1574 250 1626 vel
270 1590 353 1642 supra
371 1573 435 1627 solis
452 1573 587 1640 perlabier
604 1572 707 1639 orbem,
776 1577 780 1582 '

91 1649 165 1716 quod
183 1649 274 1702 radios
292 1650 475 1718 interrumpat
492 1649 638 1718 lumenque
657 1649 816 1717 profusuml
882 1678 885 1681 ·

90 1729 230 1780 ettamen
249 1726 308 1794 ipsa
326 1742 374 1779 suo
393 1726 415 1778 si
433 1725 521 1793 fulget
538 1724 603 1778 luna
621 1725 717 1794 nitere,
744 1756 747 1761 <

90 1817 139 1854 eur
156 1805 274 1869 nequeat
291 1806 367 1855 certa
383 1802 478 1855 mundi
496 1801 672 1869 languescere
690 1806 777 1871 parte,

91 1877 156 1930 dum
175 1876 234 1930 loca
250 1877 398 1930 luminibus
416 1876 533 1946 propriis
552 1877 662 1931 inimica
678 1895 728 1946 per
746 1878 820 1933 cxitl
905 1891 946 1935 777

126 1953 206 2018 Quod
224 1958 357 2021 superest,
376 1954 502 2021 quoniam
519 1954 611 2022 magni
628 1971 678 2022 per
695 1955 804 2009 caerula
820 1955 916 2009 mundi

91 2047 147 2099 qua
164 2029 224 2084 lieri
243 2029 374 2099 quicquid
391 2034 483 2099 posset
500 2030 607 2084 ratione
625 2032 731 2100 resolvi,

91 2107 154 2160 solis
171 2107 213 2159 uti
232 2107 321 2159 varios
340 2123 435 2160 cursus
452 2107 586 2174 lunaeque
603 2112 710 2161 meatus
748 2127 753 2135 ·

90 2199 203 2237 noscere
221 2198 362 2250 possemus
379 2199 450 2252 quae
468 2182 509 2236 vis
527 2186 556 2236 et
573 2200 656 2236 eausa
673 2183 768 2250 cieret,
906 2198 947 2242 776

91 2277 181 2329 quove
198 2259 279 2313 modo
294 2266 407 2327 possent
424 2260 522 2313 effecto
539 2259 641 2313 lumine
659 2259 735 2313 obire

91 2339 121 2390 et
139 2353 228 2405 neque
245 2336 382 2405 opinantis
399 2336 522 2390 tenebris
539 2335 677 2390 obducere
694 2339 791 2405 terras,

92 2430 154 2467 cum
172 2412 249 2481 quasi
267 2412 394 2466 conivent
412 2415 441 2465 et
458 2415 554 2481 aperto
572 2412 674 2466 lumine
691 2429 799 2466 rursum

92 2489 182 2542 omnia
200 2489 342 2542 convisunt
359 2487 434 2541 clara
449 2487 509 2540 loca
526 2487 644 2541 candida
660 2488 728 2555 lucc,

92 2582 164 2619 nuuc
181 2565 264 2619 redeo
282 2565 318 2618 ad
335 2562 430 2617 mundi
447 2564 597 2617 novitatem
615 2568 646 2618 et
663 2564 755 2618 mollia
772 2568 864 2620 tarrae
905 2580 946 2623 vso

91 2659 165 2710 arva,
182 2658 251 2695 novo
268 2642 328 2695 fotu
345 2641 413 2710 quid
430 2640 549 2708 primum
566 2640 594 2693 in
611 2640 720 2695 luminis
738 2659 800 2695 oras

92 2719 190 2773 tollere
208 2722 238 2771 ct
255 2716 366 2771 incertis
384 2716 488 2771 crerint
506 2716 678 2771 committere
695 2719 791 2772 ventis.

129 2793 266 2860 Principio
284 2809 371 2859 genus
388 2793 534 2846 herbarum
552 2791 721 2861 viridemque
739 2795 855 2848 nitorem

92 2870 168 2918 terra
185 2866 265 2918 dedit
282 2869 384 2919 circum
402 2867 477 2920 collis
495 2883 658 2935 camposque
675 2885 726 2936 per
744 2870 838 2938 omnis,

93 2938 190 2989 florida
206 2939 341 2992 fulserrmt
357 2941 486 2994 viridanti
504 2947 584 3010 prata
601 2942 698 3011 colore,
906 2959 945 3002 785

93 3009 289 3075 arboribusque
307 3012 429 3066 datumst
446 3018 527 3068 variis
545 3017 644 3069 exinde
661 3035 712 3084 per
729 3035 809 3074 auras

92 3080 233 3130 crescendi
249 3098 376 3149 magnum
393 3088 510 3142 inmissis
527 3095 666 3144 certamen
683 3093 805 3148 habenis.

92 3151 125 3200 ut
142 3150 234 3215 pluma
249 3157 334 3220 atque
351 3158 399 3224 pili
417 3160 535 3226 primum
553 3168 701 3234 saetaeque
718 3173 848 3225 creantur
