2190 3398
93 99 132 173 os
497 96 538 154 11

90 215 126 256 ex
142 199 320 255 insensilibus
329 203 427 254 nmen
444 199 534 252 omnis
550 196 698 251 confiteare
782 202 785 209 ⁴

89 275 230 346 principiis
247 277 380 330 constare.
396 291 485 343 neque
501 273 532 328 id
549 273 702 327 manufesta
718 272 841 327 rmutent

88 368 140 406 nec
158 355 255 407 contra
271 354 403 422 pugnant,
421 351 449 405 in
467 352 598 420 pmmptu
614 350 724 417 cognita
741 366 810 418 quae
828 353 904 417 sunt,

90 428 141 483 sed
159 429 247 496 magis
264 429 325 498 ipse
342 444 425 482 mnnu
442 426 547 482 ducunt
564 429 595 482 et
611 425 726 480 credere
743 431 845 496 coguut

90 521 125 558 ex
142 504 325 571 insensilibus,
343 502 417 573 quod
435 503 504 570 dico,
521 500 647 556 nnbnffin
663 503 744 571 gigni.
908 517 951 559 sno

90 581 192 651 quippe
210 580 305 634 videre
322 580 388 635 lieet
406 580 481 633 vivos
499 579 617 632 existere
634 594 741 634 vermes

89 661 212 712 stercore
230 656 266 710 de
284 659 384 721 teetro,
402 659 530 724 putorem
548 670 610 708 eum
628 653 679 709 sibi
696 660 777 711 nnete
794 658 840 710 est

89 732 292 803 intempestivis
310 748 344 786 cs
363 730 496 785 imbribus
513 729 607 783 umidu
623 731 720 798 tellum

89 811 236 877 praeterea
255 814 367 862 cunctus
385 808 482 861 itidem
501 822 547 860 res
564 810 673 861 vertere
690 824 758 862 sese.
818 826 822 833 ’

89 886 203 938 vertunt
222 900 252 938 se
270 883 345 938 fluvii
362 883 475 939 frondes
492 886 522 938 et
539 882 639 953 pabule
655 884 728 938 laeta
908 892 950 941 ω

87 960 117 1013 in
135 959 264 1029 pecudes,
282 963 395 1014 uertunt
413 959 535 1029 pecudes
550 960 579 1013 in
597 975 712 1030 corpore
727 964 823 1015 nostra

88 1038 225 1105 naturam,
243 1039 273 1092 ct
290 1039 385 1091 nostro
403 1036 440 1090 de
458 1052 572 1106 corpore
591 1052 673 1106 saepe
689 1036 810 1090 ferarum

90 1115 241 1181 augescunt
258 1112 331 1167 vires
349 1116 379 1166 ct
397 1128 513 1182 corpora
530 1112 762 1181 pennipotentum.
854 1165 857 1169 ,
915 1120 917 1123 ’

91 1206 157 1258 crgo
175 1206 269 1244 omnes
287 1192 386 1244 notura
403 1187 479 1242 eibos
496 1188 525 1241 iu
543 1204 658 1257 corpora
675 1187 737 1241 viru

91 1266 177 1322 vertit
194 1270 224 1320 et
241 1265 303 1319 hine
322 1281 416 1319 sensus
433 1264 601 1318 uuimnntum
617 1267 745 1333 procreet
761 1279 864 1332 omnes,
906 1276 948 1316 seo

90 1358 144 1396 non
161 1342 216 1396 slis
233 1342 314 1410 longe
332 1342 437 1396 ratione
455 1339 545 1408 urique
562 1338 640 1393 eridn
657 1339 730 1407 ligna
843 1374 846 1381 ·

91 1418 211 1487 explicet
227 1419 256 1472 in
276 1418 398 1471 flammas
416 1419 446 1470 et
462 1416 491 1469 in
507 1415 578 1483 ignis
595 1417 685 1469 omnin
701 1420 801 1470 versat

90 1493 180 1548 ianime
199 1494 277 1560 vides
294 1494 379 1562 igitur
396 1492 488 1560 magni
506 1491 657 1561 primordie
673 1508 776 1546 rerum·

90 1570 195 1624 referre
212 1570 241 1623 ln
260 1569 333 1638 quali
352 1570 407 1623 siut
424 1568 520 1622 ordine
538 1584 661 1637 quaeque
678 1568 768 1623 locuto

91 1649 120 1700 et
139 1646 287 1699 commixta
306 1645 404 1713 quibus
421 1645 489 1699 deut
506 1648 597 1698 motus
614 1644 820 1714 accipientquel
906 1658 948 1698 ses

127 1721 195 1774 Tum
207 1737 289 1790 porro
303 1721 368 1789 quid
380 1720 411 1774 id
423 1724 474 1789 cst,
486 1722 605 1774 animum
617 1720 691 1789 quod
703 1721 831 1791 percutit,
842 1720 934 1789 ipsum

91 1797 165 1866 qnod
182 1800 274 1851 movet
293 1801 324 1851 et
341 1797 430 1851 varios
448 1813 545 1851 sensus
564 1813 726 1867 expromere
742 1796 822 1866 comt,

91 1891 125 1927 ex
142 1872 314 1927 insensilibus
332 1889 367 1928 ne
386 1872 483 1927 credes
500 1873 598 1927 sensile
615 1873 707 1942 gignit

90 1949 217 2003 nimirum
234 1948 339 2019 lepidos
360 1953 390 2004 ct
407 1949 481 2018 ligne
497 1953 527 2004 et
545 1954 620 2004 torre
638 1949 712 2019 quod
727 1966 782 2005 uno

91 2027 178 2085 ruixte
194 2028 286 2080 tumen
305 2028 445 2096 nequeunt
461 2025 571 2080 sitalem
589 2026 707 2081 reddere
723 2041 839 2081 sensnm.
907 2038 947 2079 eoo

88 2103 158 2157 illud
174 2102 203 2156 in
220 2102 264 2156 liis
282 2103 367 2172 igitur
384 2102 467 2156 rebus
484 2103 638 2156 meminisse
656 2101 773 2169 decebit,

90 2197 144 2233 non
162 2196 198 2234 cx
215 2179 340 2234 omnibus
360 2180 477 2247 omniuo,
496 2195 682 2248 quoecumque
700 2182 794 2233 creent
810 2194 863 2245 ros,

91 2257 200 2311 sensilia
218 2257 356 2327 extemplo
378 2273 423 2311 me
440 2262 466 2309 et
483 2255 558 2324 gigni
578 2254 670 2309 dicere
688 2271 790 2322 sensus,

90 2334 141 2388 sed
158 2334 249 2401 magni
269 2333 374 2388 referre
392 2349 426 2387 ee
442 2332 560 2402 primum
578 2331 709 2400 quuntula
726 2333 858 2399 eructent,

91 2411 188 2478 sensile
206 2426 277 2476 quae
297 2409 407 2475 fuciunt,
427 2412 457 2463 et
474 2424 528 2479 que
546 2409 602 2462 sint
619 2407 746 2476 praedita
762 2407 857 2475 formu,
907 2405 946 2461 eet

91 2487 210 2541 motibus
229 2485 370 2539 ordinibus
388 2485 519 2554 positun's
537 2483 655 2553 denique
672 2500 742 2552 quse
760 2483 822 2538 siut

90 2580 206 2632 quorum
224 2561 262 2615 nil
280 2577 373 2615 rerum
391 2561 420 2614 in
438 2561 518 2629 lignis
535 2559 692 2629 glnebisque
709 2559 849 2624 videmus;

90 2643 223 2695 ettamen
236 2637 313 2705 hese,
327 2654 389 2692 cum
401 2640 466 2691 sunt
478 2637 554 2706 qussi
565 2637 724 2706 putrefacta
734 2652 785 2706 per
796 2633 907 2702 imbres,

90 2716 251 2770 vermiculos
271 2713 390 2784 perimit,
407 2713 472 2782 quin
489 2728 604 2782 corpore
619 2712 744 2767 materiei

90 2791 210 2859 antiquis
230 2804 265 2843 ex
285 2789 425 2843 ordinibus
442 2792 568 2858 permota
585 2804 655 2842 nove
672 2804 703 2841 re
909 2799 948 2841 ooo

91 2864 271 2916 conciliantur
290 2862 331 2916 itu
347 2866 380 2916 ut
398 2862 501 2916 debent
518 2863 646 2921 animalia
663 2863 744 2930 gigni.

91 2936 192 2988 deinde
212 2951 252 3000 oa,
271 2935 415 2989 sensilibus
433 2938 480 3005 qui
498 2937 596 2991 sensile
612 2953 692 3004 posse
710 2937 796 2990 creari

91 3009 263 3061 constituunt
279 3023 361 3075 porro
379 3027 412 3062 ex
430 3012 497 3078 eliis,
515 3012 617 3064 sentire
634 3016 713 3066 suits

93 3078 186 3132 mollis
202 3080 257 3132 iem
273 3082 384 3134 faciunt.
401 3099 464 3136 num
482 3101 577 3139 seusus
594 3085 716 3152 iungitur
734 3085 821 3138 omnis

93 3151 242 3206 viscoribus
259 3154 449 3223 remissoris,
468 3174 537 3225 quse
555 3158 652 3225 cuique
671 3159 793 3213 ridemus
910 3177 949 3218 ooo
