2176 3404
395 158 397 163 ,
510 102 576 168 ,VI

19 240 20 247 ,
118 204 268 261 sudabant
284 205 371 261 etiam
387 207 481 262 fauces
497 206 661 262 intrinsecus
677 209 756 261 atrae

119 283 263 351 mguine
279 285 310 336 et
327 282 464 337 ulceribus
482 284 555 338 vocis
572 284 617 338 via
634 286 730 353 saepta
747 283 840 339 coibat

119 361 214 427 atque
230 359 312 412 animi
329 360 467 428 interpres
484 359 613 415 manabat
630 360 724 428 lingua
740 375 836 415 cruore

120 434 275 489 debilitata
292 434 377 502 malis,
395 439 473 490 motu
489 437 587 505 gravis
604 452 702 505 aspera
718 437 777 490 tact
797 477 803 489 .
937 451 987 494 uto

120 511 194 566 inde
213 511 260 564 ubi
277 528 328 580 per
345 511 438 566 lauces
455 516 553 581 pectus
570 512 723 581 complerat
740 515 770 566 et
786 511 876 581 ipsum

121 587 258 642 morbida
274 588 317 641 vis
334 588 362 641 iu
380 604 428 642 cor
444 591 581 642 maestum
599 587 769 643 confluxerat
785 587 883 657 aegris,

19 692 20 727 1
124 664 221 717 omnia
238 667 299 718 turn
315 680 382 718 vero
398 665 465 719 vitai
483 665 604 719 claustra
619 663 758 718 lababant.

19 750 20 755 ’
124 740 245 810 spiritus
262 756 311 794 ore
327 740 401 794 foras
417 744 539 795 taetrum
557 740 685 795 volvebat
702 738 825 810 odorem,

124 816 244 871 rancida
261 833 315 886 quo
332 817 458 886 perolent
475 817 600 886 proiecta
617 817 751 872 cadavera
768 818 832 872 ritu.
939 832 988 873 1111

125 896 216 962 atque
232 893 315 965 animi
331 910 459 962 prorsum
477 901 540 948 tum
556 893 630 948 vires
649 893 743 961 totius,
760 910 842 950 omne

124 968 279 1038 languebat
296 987 393 1040 corpus
409 971 460 1025 leti
477 970 532 1025 iarn
549 970 642 1025 limine
660 970 688 1023 in
705 970 773 1038 ipso.

125 1045 404 1116 intolerabilibusque
422 1047 501 1100 malis
518 1050 580 1101 crat
596 1047 694 1100 anxius
711 1062 796 1116 angor

127 1121 248 1176 adsidue
265 1138 355 1176 comes
373 1127 402 1178 ct
419 1125 525 1192 gemitu
542 1123 691 1177 commixta
707 1124 837 1192 querella.

128 1197 321 1266 singultusque
331 1198 460 1266 frequens
471 1202 581 1253 noctem
593 1214 739 1268 persaepe
750 1199 879 1268 diemque
939 1213 988 1254 neo
1032 1232 1035 1235 ·

128 1274 269 1343 corripere
286 1272 401 1329 adsidue
418 1291 518 1330 nervos
535 1278 563 1329 et
580 1275 705 1330 membra
722 1281 850 1333 coactans
943 1326 947 1333 .

129 1350 300 1405 dissoluebat
316 1367 370 1420 eos,
389 1351 511 1405 defessos
528 1354 601 1418 ante,
619 1351 745 1420 fatigans.

128 1444 182 1482 nec
199 1427 283 1481 nimio
300 1427 426 1498 cuiquam
443 1443 539 1497 posses
557 1427 656 1481 ardore
672 1428 745 1482 tucri

130 1505 254 1573 corporis
270 1505 299 1558 in
317 1521 421 1558 summo
439 1521 573 1558 summam
590 1504 743 1558 fervescere
760 1508 876 1575 partem,
888 1540 892 1547 ψ

129 1581 181 1635 sed
198 1581 291 1650 potius
308 1580 433 1648 tepidum
450 1580 576 1634 manibus
593 1596 746 1650 proponere
763 1585 869 1636 tactum
938 1598 986 1638 nce

131 1660 161 1711 ci
178 1657 259 1712 simul
276 1657 414 1712 ulceribus
433 1658 511 1726 quasi
529 1657 626 1712 inustis
643 1672 723 1710 omne
741 1654 840 1711 rubere

132 1749 239 1802 corpus,
257 1736 290 1787 ut
307 1737 351 1788 est
367 1751 418 1803 per
436 1733 560 1787 membra
577 1748 654 1787 sacer
672 1731 738 1785 dum
757 1732 863 1787 diditur
879 1733 959 1802 ignis.

131 1809 229 1863 intima
246 1827 313 1879 pars
329 1810 469 1863 bominum
487 1826 551 1864 vcro
569 1808 703 1877 flagrabat
721 1809 758 1863 ad
775 1826 843 1879 ossa,

19 1932 20 1935 ,
133 1884 268 1953 flagrabat
285 1886 424 1940 stomacho
442 1885 552 1940 flamma
568 1890 601 1941 ut
617 1885 774 1940 fornacibus
792 1886 874 1942 intus.

133 1963 171 2016 nil
188 1961 257 2016 adeo
274 1978 368 2031 posses
386 1961 513 2031 cuiquam
530 1962 590 2016 leve
608 1963 745 2031 tenveque
762 1963 892 2016 membris
939 1971 988 2016 1111

134 2041 242 2092 vertere
258 2038 287 2091 iu
304 2038 460 2105 utilitatem,
478 2041 509 2092 at
526 2042 639 2093 ventum
657 2042 687 2092 et
704 2038 807 2105 frigora
825 2044 978 2117 lem&

134 2114 161 2168 in
178 2113 273 2168 fluvios
290 2115 391 2184 partim
409 2114 515 2182 gelidos
532 2115 660 2170 ardentia
677 2113 773 2168 morbo
979 2112 994 2123 ”

134 2189 257 2244 membra
274 2190 377 2245 dabant
394 2191 499 2245 nudum
517 2191 648 2245 iacientes
666 2207 764 2259 eorpus
781 2189 811 2243 in
828 2187 925 2243 undas.

84 2267 213 2320 ursmulti
230 2267 394 2336 praecipites
411 2267 528 2336 lymphis
546 2265 701 2337 putealibus
718 2266 775 2320 alte

83 2356 129 2391 1114
136 2343 288 2407 inciderunt
305 2346 365 2414 ipsc
382 2344 523 2399 venientes
541 2360 588 2397 ore
605 2346 732 2412 patente:
941 2353 987 2394 1111

135 2419 322 2473 insedabiliter
340 2421 399 2473 sitis
416 2420 501 2487 arida,
519 2437 634 2490 corpora
650 2436 781 2487 mersans,

135 2495 269 2564 aequabat
286 2495 402 2550 multum
420 2497 512 2567 parvis
529 2496 669 2549 umoribus
685 2495 809 2549 imbrem.
912 2494 919 2507 ’

135 2589 184 2627 nec
200 2572 310 2641 requies
327 2577 388 2628 crat
404 2573 459 2627 ulla
476 2573 555 2628 mali:
572 2573 678 2627 defessa
695 2571 822 2626 iacebant

88 2665 254 2718 rraccrpora
271 2648 412 2704 mussabat
429 2649 514 2704 tacito
531 2649 666 2704 medicina
682 2649 788 2717 timore,

138 2726 236 2795 quippe
253 2726 378 2796 patentia
395 2743 458 2780 cum
476 2727 578 2780 totiens
596 2725 721 2779 ardentia
737 2724 840 2778 morbis
940 2735 989 2778 neo

137 2801 237 2856 lumina
253 2806 395 2858 versarent
412 2803 552 2858 oculorum
571 2802 697 2874 expertia
715 2817 815 2855 somno.
1017 2825 1020 2831 ·

139 2878 275 2948 multaque
291 2882 436 2949 praeterea
453 2879 549 2933 mortis
566 2882 627 2933 trun
645 2879 722 2946 signa
740 2876 885 2944 dabantur,

139 2953 297 3026 perturbata
314 2956 396 3009 animi
414 2973 491 3011 mens
508 2956 537 3010 in
554 2972 678 3011 maerore
695 2958 835 3022 metuque,

140 3032 216 3085 triste
234 3031 416 3098 supercilium,
436 3032 553 3085 furiosus
570 3034 660 3086 roltus
678 3034 708 3085 et
725 3047 796 3094 acer,

142 3106 267 3161 sollicitae
284 3121 366 3172 porro
384 3105 534 3172 plenaeque
551 3107 693 3158 sonoribus
710 3120 798 3168 aures,
940 3113 989 3153 usa

127 3179 234 3237 ‘creber
251 3179 365 3246 spiritns
383 3182 431 3232 aut
448 3179 545 3245 ingens
562 3196 680 3246 raroque
698 3182 815 3241 coortus,
