2190 3398
528 118 600 173 llll
805 111 808 117 ⁴
928 119 984 178 107
1032 159 1036 165 -

123 226 244 292 propter
260 220 392 275 subtilem
410 222 536 274 naturam
555 223 585 274 et
602 221 694 275 tenvia
711 226 797 275 texta.

123 302 221 353 cetera
240 297 276 351 de
294 313 396 365 genero
413 296 465 351 hoc
483 296 580 350 eadem
598 298 706 351 ratione
724 302 860 352 creantur.

125 391 198 444 quae
216 392 281 429 cum
298 373 438 427 mobiliter
455 389 561 427 summa
577 373 690 428 levitate
706 374 840 439 feruntur,
950 385 987 429 sss

123 453 158 504 ut
169 452 255 520 prins
273 449 389 513 ostendi,
407 449 486 504 facile
504 466 559 502 uno
577 455 731 505 comnmret
748 451 806 504 iotn

37 543 43 553 ·
125 526 270 596 quaelibet
288 542 342 578 una
359 526 479 579 animum
496 526 582 580 nobis·
594 526 702 580 subtilis
720 528 825 595 imago;

125 604 218 657 tenvis
237 602 310 656 enirn
328 617 405 654 mens
424 604 467 656 est
484 604 514 656 ot
531 603 602 656 mire
618 603 726 657 mobilis
743 603 810 671 ipsa.

162 679 242 733 Haec
255 679 315 732 lieri
326 681 359 732 nt
370 694 500 746 memoro,
511 678 593 733 facile
604 680 667 733 lrinc
680 694 844 747 cognoscere
855 676 951 749 possis

126 759 265 825 quotenus
282 755 334 808 hoc
352 755 440 809 simile
458 760 502 811 est
520 755 567 823 illi,
585 756 660 824 quod
677 759 770 809 monte
787 755 913 810 videmus
947 767 985 811 rto

126 838 212 901 atque
231 832 324 900 oculis,
343 831 424 884 sinuli
441 833 502 887 fiori
519 833 626 887 ratione
644 849 757 886 necesse
774 836 825 886 est.

126 926 200 963 nunc
217 909 303 976 igitur
320 907 448 977 qnoniam
466 910 547 963 docui
566 925 610 963 me
628 908 701 962 forte
719 908 825 962 leonem

125 1001 242 1039 cernere
259 1001 311 1054 per
328 985 479 1053 simulacre,
497 985 590 1040 oculos
609 1000 797 1054 quaecumque
814 984 960 1051 lacessunt,

125 1062 198 1115 scire
216 1061 281 1115 licet
298 1065 419 1114 mentem
438 1061 517 1115 simili
536 1061 643 1115 ratione
661 1062 773 1126 moveri,

125 1154 178 1206 per
196 1137 341 1190 simulacro
358 1137 463 1191 leonem
484 1141 513 1191 et
530 1142 624 1192 ceter-n
641 1155 711 1206 quae
729 1137 807 1191 ridet
824 1153 912 1206 aeque
946 1150 983 1190 tos

125 1231 178 1268 neo
196 1214 286 1267 minus
304 1217 387 1280 atque
406 1214 483 1282 oculi,
500 1215 552 1268 nisi
570 1213 644 1283 quod
662 1231 741 1282 mage
759 1213 851 1267 tenvia
868 1212 964 1266 cernit.

126 1307 177 1344 nec
195 1289 303 1343 ratione
321 1289 380 1355 alin,
398 1306 459 1344 cum
477 1307 588 1355 somnus
606 1289 729 1344 membre
746 1289 878 1358 proludit,

126 1383 204 1420 mens
223 1366 306 1419 animi
322 1366 425 1434 vigilet,
444 1367 496 1421 nisi
513 1367 587 1436 quod
606 1366 750 1420 simulacra
767 1366 905 1419 lacessunt

126 1443 196 1496 hacc
214 1441 311 1495 eadem
328 1445 437 1496 nostros
455 1443 560 1497 animos
578 1458 649 1511 quae
667 1458 729 1496 cum
747 1442 898 1510 vigilamus,

126 1535 214 1587 risque
226 1517 304 1586 adeo,
315 1523 391 1573 certe
405 1524 436 1573 ut
448 1519 592 1573 videamur
603 1535 715 1574 cernere
728 1535 791 1571 eum
803 1534 885 1588 quem
945 1529 983 1573 too

125 1595 235 1649 rellicta
252 1594 379 1649 vitalem
398 1611 471 1649 mors
489 1599 519 1650 ct
536 1599 613 1649 term
631 1595 753 1665 potitast.

126 1671 177 1725 hoc
195 1670 260 1725 ideo
278 1671 338 1724 lieri
355 1671 429 1739 cogit
446 1676 553 1740 natura,
572 1671 647 1740 quod
665 1688 758 1724 ornnes

125 1748 250 1817 corporis
268 1747 356 1800 offecti
375 1764 470 1802 sensus
488 1765 538 1817 per
555 1747 678 1802 membro
696 1747 840 1816 quiescunt

125 1842 176 1879 nec
195 1826 310 1893 possunt
328 1824 425 1877 lelsnm
443 1825 514 1878 roris
532 1825 691 1878 convincere
710 1822 799 1876 rebus.

124 1905 271 1970 praetereo
288 1901 442 1954 meminisse
459 1901 530 1955 iacet
547 1901 714 1969 languetque
733 1915 830 1968 sopore
945 1912 982 1953 mr

126 1993 176 2031 nec
195 1976 325 2030 dissentit
343 1994 406 2030 eum
424 1977 520 2030 mortis
537 1977 641 2045 letique
658 1977 777 2045 potitum

124 2053 179 2107 iam
199 2052 315 2122 pridem,
334 2070 416 2122 quom
434 2069 511 2106 mens
528 2053 618 2106 vivom
637 2068 797 2107 secernere
815 2049 912 2104 eredit.

125 2129 200 2198 quod
218 2132 351 2199 superest,
369 2146 423 2182 non
441 2135 485 2183 cst
502 2129 602 2183 mirum
619 2129 764 2183 simulacre
780 2127 884 2180 moveri

124 2205 308 2274 bracchiaque
326 2206 355 2259 in
371 2222 515 2259 numerum
533 2207 637 2260 iactare
655 2210 684 2260 ot
702 2208 795 2259 cetere
812 2202 943 2257 membro.

124 2299 188 2336 nam
208 2282 241 2336 lit
258 2282 335 2336 utin
353 2282 454 2336 somnis
471 2282 563 2336 facore
579 2282 631 2336 hoc
650 2281 776 2335 videatur
794 2280 899 2346 imago;
943 2291 981 2332 770

124 2361 228 2429 quippe
244 2359 292 2413 nbi
310 2358 399 2428 prima
415 2360 489 2428 perit
506 2359 613 2427 alioque
631 2363 674 2412 cst
691 2357 779 2411 altera
797 2359 863 2408 nata

124 2435 189 2490 inde
207 2439 290 2502 statu,
307 2435 383 2503 prior
399 2434 443 2489 hic
460 2440 569 2503 gestum
587 2438 708 2488 mutasse
725 2433 842 2486 videtur.

125 2511 230 2565 scilicet
248 2511 278 2565 io
295 2511 354 2564 fieri
371 2511 453 2566 celeri
472 2511 578 2566 ratione
595 2509 788 2579 putandumst:

125 2591 205 2643 tanta
222 2591 266 2642 est
283 2589 420 2642 mobilitas
439 2591 468 2642 et
486 2604 578 2641 rerum
596 2587 674 2656 copia
691 2589 770 2640 tante

124 2668 258 2735 tantaque
277 2665 398 2719 sensibili
417 2666 575 2734 quovis'est
593 2669 718 2733 temporo
739 2662 767 2714 in
784 2675 839 2713 uno
942 2671 979 2715 ⁷75

124 2741 203 2810 copia
220 2740 425 2809 particularum,
442 2744 475 2794 nt
492 2740 579 2810 possit
597 2738 783 2810 suppeditare.

158 2815 314 2886 [Multaque
330 2817 358 2870 in
377 2817 420 2870 his
437 2816 520 2869 robus
539 2822 708 2885 quaeruntur
724 2811 867 2880 multaque
883 2810 963 2867 nobis

124 2892 318 2961 clarendumst,
335 2893 415 2961 plone
434 2892 456 2945 ei
475 2908 518 2945 res
536 2908 673 2959 exponere
690 2893 808 2944 aremus.

124 2970 265 3037 quaeritur
281 2970 310 3023 in
328 2969 423 3038 primis
441 2982 535 3037 quere,
552 2968 626 3036 qnod
643 2967 741 3035 cuique
758 2964 844 3018 libido
892 2972 898 2982 '

125 3046 237 3112 venerit,
256 3045 395 3114 extemplo
412 3060 490 3097 mens
509 3043 612 3109 cogitet
630 3043 688 3095 eius
706 3040 850 3105 idipsum.
939 3048 977 3090 rso

125 3138 193 3176 arrrrc
212 3121 381 3175 voluntatem
398 3122 520 3172 nostram
539 3118 682 3169 simulacro
699 3116 812 3165 tuentur

124 3202 154 3252 ct
172 3197 252 3251 simul
269 3213 302 3250 ec
319 3195 444 3249 volumus
462 3192 540 3244 nobis
558 3189 678 3242 occurrit
696 3186 791 3249 imago,
