2176 3404
84 102 140 157 146
497 96 524 153 V

80 201 170 256 dulcia
186 201 347 271 linquebant
364 200 483 257 labentis
500 199 605 255 lumina
620 201 701 256 uitae.

76 295 149 332 unus
166 279 239 332 enim
256 284 316 334 tum
334 277 450 347 quisque
467 279 554 346 magis
573 277 725 347 deprensus
742 257 860 334 eorsum*
894 294 956 343 ,000

77 355 178 425 pabula
196 356 257 408 viva
274 354 340 408 ieris
358 354 517 423 praebebat,
536 355 665 425 dentibqs
682 355 806 419 lraastus,
872 404 878 411 ,
948 348 952 361 '
970 376 985 399 ³

79 433 109 485 et
125 447 240 486 nemora
257 448 289 485 ae
307 432 407 484 montis
425 433 530 499 gemitu
549 432 684 501 silvasque
702 430 828 499 replebat

78 507 141 560 viva
159 507 255 561 videns
273 507 335 561 rivo
353 507 464 577 sepeliri
482 509 587 562 viscera
605 508 694 561 bustu.

16 650 18 653 ι
80 587 110 637 at
127 601 195 654 quos
212 584 343 653 effugium
360 588 485 638 servarat
502 601 617 654 corpere
635 584 725 651 adeso,

78 662 217 729 posterius
235 662 367 716 tremulas
385 677 469 732 super
485 661 579 715 ulcera
595 664 687 715 taetra
703 664 832 716 tenentes
843 671 865 705 ⁸·
912 676 950 714 aas

78 735 184 805 palmas
201 737 342 793 horriferis
360 738 484 792 accibant
502 737 613 792 vocibus
632 736 741 804 Oreum,
911 794 919 797 ,
926 760 942 823 s
968 784 1022 827 Aa

79 812 198 880 donique
216 830 263 866 eos
281 815 339 868 vita
356 815 499 882 privarunt
516 814 640 885 regmina
657 830 737 868 saeua
761 806 788 867 i·
830 814 864 891 )(
887 816 892 825 ’
945 808 954 841 ‘·

79 890 201 957 expertis
219 891 286 959 opis,
304 891 414 958 ignaros
431 890 498 960 quid
516 890 627 943 volnera
643 890 752 944 vellent.
913 886 918 899 '

79 969 109 1018 at
127 981 180 1018 nou
197 966 284 1020 multa
301 967 391 1020 virum
409 967 461 1020 sub
479 967 563 1034 signis
580 966 656 1019 milia
673 965 757 1019 dueta

79 1057 134 1094 una
152 1041 212 1095 dies
229 1041 313 1096 dabat
332 1044 415 1097 exitio
433 1060 484 1097 nee
502 1042 615 1097 turbida
631 1041 708 1110 ponti
899 1056 949 1096 1000

79 1133 197 1186 aequora
214 1119 345 1187 fligebant
363 1121 439 1173 navis
457 1119 493 1173 ad
512 1135 577 1173 saxa
595 1119 728 1188 virosque.

78 1193 123 1248 hie
140 1198 245 1249 temere
262 1196 290 1249 in
308 1213 415 1250 cassum
432 1196 537 1250 frustra
553 1211 630 1249 mare
647 1211 729 1264 saepe
746 1197 872 1249 coortum

79 1271 202 1325 saevibat
220 1271 372 1341 leviterque
390 1272 477 1326 minas
494 1272 616 1342 ponebat
633 1272 728 1338 inanis,

57 1386 62 1405 .
79 1364 130 1402 nee
146 1352 257 1417 poterat
274 1366 437 1418 quemquam
455 1350 557 1419 placidi
574 1348 688 1418 pellacia
705 1347 782 1415 penti

61 1414 192 1477 ‘subdola
209 1426 337 1493 pellicere
354 1427 382 1479 in
399 1426 524 1480 fraudem
541 1425 695 1479 ridentibus
712 1422 801 1477 undis,
900 1438 949 1479 1005

79 1513 187 1547 IMPROBA
200 1517 297 1549 navicu
310 1518 381 1551 RATIO
393 1518 445 1551 TUM
458 1518 536 1552 OAECA
550 1517 655 1550 HCBBAT

79 1579 138 1630 tum
156 1577 271 1646 penuria
289 1578 390 1633 deinde
408 1580 463 1634 eibi
479 1580 637 1649 languentia
655 1580 712 1634 leto

79 1652 202 1706 membra
221 1653 313 1721 dabat,
333 1660 429 1710 eontra
445 1673 517 1710 nunc
535 1673 628 1710 rerum
646 1655 725 1725 eopia
741 1660 852 1721 mersat.

79 1726 118 1781 illi
136 1729 315 1796 inprudentes
332 1732 385 1801 ipsi
402 1732 454 1786 sibi
473 1749 555 1802 saepe
573 1748 706 1786 venenum
796 1764 823 1779 κ.
843 1752 873 1779 ι·
898 1744 905 1761 ²

78 1805 237 1874 vergebant,
255 1809 446 1876 nuptierrurrc
464 1808 532 1862 dant
548 1807 679 1862 sollertiu'
692 1808 798 1876 sponsi.
828 1814 949 1885 „tw-1010

114 1881 185 1935 Inde
202 1900 278 1937 cusas
295 1888 359 1952 pest
375 1901 458 1952 quam
475 1901 506 1939 ac
523 1885 602 1953 pellis
620 1886 768 1954 ignemque
786 1894 929 1953 pararunt,

79 1961 107 2011 et
125 1958 223 2012 mulier
240 1961 384 2014 coniuncta
401 1961 459 2014 viro
477 1961 611 2015 concessit
628 1960 658 2013 in
674 1977 759 2013 unum

79 2035 230 2103 conubium,
248 2037 408 2106 prolemque
426 2055 461 2091 ex
479 2054 509 2091 se
526 2037 620 2092 uidere
638 2040 767 2104 creatam,

78 2116 138 2165 tum
155 2129 242 2179 genus
260 2113 406 2166 larrnnnum
424 2114 543 2182 primum
560 2113 718 2167 mollescere
735 2113 833 2181 coepit.

78 2188 150 2255 ignis
167 2189 238 2242 enim
256 2189 361 2243 curarit
378 2193 411 2243 ut
429 2188 497 2243 alsia
514 2206 629 2259 corpora
646 2190 734 2259 frigus
899 2206 949 2246 1015

77 2281 131 2318 nou
148 2265 189 2318 ita
206 2265 259 2318 iam
276 2269 390 2335 possent
408 2265 475 2319 caeli
493 2265 544 2319 sub
562 2267 684 2334 tegmine
701 2267 782 2335 ferre,

78 2344 107 2393 et
127 2341 220 2395 Venus
237 2341 365 2395 inminuit
383 2342 448 2395 viris
464 2342 597 2411 puerique
614 2347 760 2412 parentum

77 2417 217 2471 blanditiis
233 2417 314 2472 facile
330 2418 469 2486 ingenium
487 2417 596 2486 fregere
614 2436 644 2472 su
681 2419 769 2473 rbmn.

77 2497 143 2549 tune
149 2495 354 2629 W
372 2498 521 2563 coeperunt
537 2436 821 2583 iungecmrventes'?

78 2570 148 2624 finiti
177 2572 278 2624 1inter
295 2588 325 2625 se
342 2587 393 2625 nec
410 2571 521 2626 laedere
538 2588 589 2625 nec
607 2572 709 2637 violari,
897 2587 949 2628 1020

78 2648 107 2700 et
123 2662 223 2715 pueros
240 2647 468 2703 commendarunt
486 2647 675 2717 muliebreque
692 2650 819 2718 saeclum,

77 2721 188 2775 vocibus
205 2725 234 2776 et
251 2727 333 2790 gestu
350 2740 412 2777 eum
430 2724 511 2778 balbe
528 2724 714 2791 significarent

77 2796 273 2849 imbecillorum
291 2815 352 2852 esse
369 2815 464 2852 aecum
482 2800 639 2853 misererier
656 2801 750 2853 omum,

77 2884 128 2920 nee
145 2873 238 2922 tamen
256 2872 418 2926 omnimodis
434 2877 545 2940 poterat
562 2876 706 2929 eoncordia
722 2876 806 2945 gigni,

77 2942 127 2991 sed
144 2940 216 2993 bena
233 2959 386 3013 magnaque
403 2964 468 3015 pars
485 2949 615 3003 servabat
632 2951 745 3006 foedera
761 2955 852 3018 caste;
895 2967 947 3010 1080

77 3021 126 3062 aut
142 3027 229 3076 genus
246 3015 394 3072 humanum
411 3022 465 3074 iarn
483 3026 544 3076 tum
562 3025 634 3079 foret
651 3042 732 3080 omne
747 3031 924 3097 peremptum

77 3097 127 3133 nee
144 3087 278 3169 potuisset
296 3092 385 3145 adhue
402 3096 555 3159 perducere
574 3101 664 3153 saecla
680 3118 809 3170 propago.

114 3155 155 3204 At
172 3170 261 3206 varios
278 3159 385 3225 liuguae
403 3168 509 3221 sonitus
526 3176 625 3226 natura
643 3176 752 3242 subegit
