2190 3398
542 70 615 127 1111
964 71 1003 130 89

151 172 242 244 quove
257 173 339 227 modo
358 173 491 228 distracta
508 173 613 228 rediret
631 174 658 228 in
677 173 754 228 ordia
771 176 867 244 prima,

150 268 221 305 nune
240 267 323 319 agere
340 248 468 318 incipiam
486 250 544 317 tibi,
563 251 638 320 quod
656 256 798 306 vementer
815 250 981 306 adhaeres

152 327 261 394 attinet,
280 342 341 380 esse
359 343 392 380 ea
410 343 480 395 quae
497 343 590 381 rerum
607 327 753 382 simulacra
770 343 915 391 vocamus3
981 342 1007 381 so

152 420 229 472 quae,
248 402 326 472 quasi
343 403 518 458 membranae
536 420 643 458 summo
661 404 697 459 de
715 420 829 474 corpore
846 419 939 457 rerum

153 478 294 548 dereptae,
312 477 428 533 volitant
445 480 575 549 ultroque
592 479 718 550 citroque
736 497 786 550 per
798 494 887 545 auras,

152 558 235 625 atqile
254 554 351 608 eadem
368 554 446 609 nobis
464 555 640 624 vigilantibus
659 556 738 610 obvia
755 560 862 610 mentes

152 631 306 685 terrificant
324 633 407 700 atque
424 630 453 684 in
471 631 578 698 somnis,
597 648 659 686 eum
678 648 760 701 saepe
778 631 879 700 figuras

153 708 308 762 contuimur
324 708 409 761 miras
427 708 625 777 simulacraque
642 709 702 762 luco
720 712 869 774 carentum,
983 719 1008 758 aa

153 801 222 853 quae
240 801 290 838 nos
307 783 434 839 horrifice
451 783 605 852 languentis
622 801 704 855 saepe
722 800 819 854 sopore

153 861 304 929 exeiemnt,
320 877 356 914 ne
374 860 446 915 forte
464 861 567 916 numius
586 862 746 916 Acherunte
763 876 874 914 reamur

154 936 275 1005 effugere
293 941 342 991 aut
359 938 471 992 umbras
488 939 561 992 inter
579 939 652 992 rivos
670 937 785 991 volitare

154 1029 222 1067 uere
239 1012 343 1082 aliquid
360 1014 447 1068 noctu
465 1018 529 1085 post
547 1018 663 1069 mortem
681 1030 762 1085 posse
779 1011 903 1081 relinqui,

154 1105 216 1143 cum
234 1106 334 1160 eorpus
351 1090 432 1144 simul
450 1095 533 1161 atquc
551 1091 634 1145 animi
652 1096 750 1146 natura
766 1091 911 1160 perempta
980 1099 1006 1139 co

154 1165 182 1218 in
200 1182 250 1219 sim
267 1166 417 1220 discessum
436 1166 563 1222 dederint
580 1167 731 1237 primordia
748 1179 879 1234 quaeque.

190 1241 259 1296 Dico
277 1242 361 1310 igitur
378 1259 471 1297 rerum
489 1243 593 1312 effigias
611 1243 755 1312 tenuisque
772 1241 874 1310 figuras

155 1319 261 1373 mittier
278 1318 313 1373 ab
331 1319 413 1373 rebus
431 1336 536 1374 summo
554 1319 590 1373 de
607 1336 721 1390 corpore
737 1335 838 1384 rerum,

119 1413 143 1447 ⁴⁵
155 1417 198 1451 SED
208 1418 321 1457 Quorsus!
331 1418 405 1452 noem
415 1419 563 1451 GUNO'I'ARUM
574 1418 683 1452 UXORDIA
692 1418 777 1450 RERUM

154 1488 244 1528 Quum
255 1489 309 1522 sm
319 1489 348 1521 ΕΤ
358 1489 428 1527 QUAM
439 1489 521 1522 smnus
532 1487 659 1521 moranum
668 1487 756 1521 sonnis

154 1558 243 1592 itl'ONTB
253 1560 301 1593 SUA
310 1559 427 1593 votienus
436 1559 546 1595 ALTERNO
557 1559 655 1592 runem
666 1559 732 1592 MOTU

154 1629 253 1668 Qvooun
263 1630 329 1662 110Βο
340 1630 417 1681 POflSi'l'
427 1630 471 1664 nto
482 1631 513 1664 EX
524 1631 563 1663 uls
573 1631 687 1671 QUAEQUE
699 1632 789 1666 clibani

155 1703 222 1737 NUKO
232 1703 313 1736 AGERE
323 1703 435 1737 INCIPIAM
444 1703 494 1735 rim
504 1704 569 1741 QUOD
579 1703 743 1737 VBHEMENTER
753 1706 786 1738 Ab
796 1706 898 1741 linoltus

119 1772 144 1806 Η
155 1775 256 1809 mim
266 1774 320 1807 mk
331 1775 363 1807 EA
373 1775 439 1813 QUAE
449 1774 534 1807 RERUM
544 1774 684 1808 elucident
694 1774 807 1809 vocamus

155 1855 226 1908 quae
243 1837 321 1906 quasi
337 1836 513 1891 membranae
530 1836 572 1891 rel
591 1840 686 1892 cortex
704 1838 923 1909 nonriuitandast,
983 1860 1007 1898 ro

155 1914 230 1984 quod
248 1913 367 1983 speeiem
385 1929 417 1967 ac
434 1913 548 1966 formam
566 1912 682 1967 similem
698 1913 770 1982 gerit
787 1915 846 1969 eius
863 1916 953 1986 imago

155 1990 349 2057 cuiuscumque
366 1988 440 2043 cluet
458 1988 493 2042 de
511 2001 627 2058 corpore
642 1990 702 2044 insa
719 1991 820 2059 sagari.

119 2083 143 2114 a
155 2067 185 2120 id
203 2066 268 2120 lieet
285 2064 348 2121 hine
365 2066 489 2134 quamvis
507 2065 601 2120 hebeti
619 2082 783 2134 cognoscere
800 2067 890 2123 corde.

118 2157 143 2190 ss
155 2142 291 2213 principio
308 2142 435 2210 quoniam
453 2142 568 2195 mittunt
586 2142 614 2194 in
631 2142 714 2196 rebus
731 2143 834 2212 apertis

155 2235 272 2287 corpora
288 2234 333 2272 res
350 2218 460 2286 multae,
477 2222 540 2287 part
541 2216 578 2270 im
596 2217 694 2272 diffuse
711 2219 782 2273 solut
770 2224 806 2287 te,
984 2237 1009 2275 sa

155 2294 256 2349 robora
273 2310 325 2349 ceu
342 2293 446 2365 funium
464 2293 515 2348 mit
516 2294 605 2348 tunt
596 2310 727 2363 agrumque
744 2311 881 2364 saporem,

155 2377 186 2426 et
202 2355 305 2441 partim
323 2356 452 2425 contentu
470 2369 557 2438 magis
575 2370 771 2440 condensaque,
782 2375 822 2426 ut
839 2372 904 2426 olim

155 2464 219 2502 cum
237 2447 334 2502 teretis
351 2450 457 2516 ponunt
474 2447 581 2501 tunicas
598 2450 705 2501 aestate
722 2447 839 2516 cicadae,

155 2529 186 2577 et
203 2523 283 2577 rituli
300 2540 363 2578 cum
380 2522 553 2577 membranas
571 2522 607 2577 de
624 2539 737 2593 corpore
755 2540 859 2579 summo

154 2603 299 2655 irascentes
316 2601 438 2668 mittunt,
457 2599 571 2654 etitem
589 2615 650 2653 eum
669 2599 771 2653 lubrica
788 2616 901 2670 serpens
981 2616 1008 2656 oo

155 2675 234 2730 exuit
250 2675 279 2729 in
297 2676 383 2746 spinis
400 2678 519 2741 testeum
536 2692 599 2729 nam
620 2692 702 2744 saepe
719 2674 843 2730 videmus

155 2751 264 2806 iliorum
283 2752 376 2822 spoliis
393 2768 490 2822 vepres
498 2751 685 2816 ,volitantibus
703 2754 804 2807 arsetas.

139 2844 227 2896 quae
245 2828 372 2897 qnoniam
390 2827 467 2895 fiunt,
485 2828 575 2881 tenuis
593 2844 700 2897 quoque
718 2827 803 2882 debet
818 2828 910 2896 imago

155 2903 192 2957 ab
209 2903 293 2959 rebus
310 2903 383 2958 mitti
402 2919 507 2958 summo
524 2903 560 2956 de
578 2918 693 2972 corpore
710 2920 809 2957 rerum.

155 2995 220 3035 narn
238 2997 288 3034 eur
305 2979 353 3033 illa
370 2979 471 3032 cadant
488 2978 575 3044 magis
592 2978 628 3032 ab
645 2978 781 3045 rebusque
798 2977 929 3030 raecedmt
984 2994 1008 3030 as

155 3072 240 3125 qnam
258 3055 330 3125 quae
347 3053 440 3108 tenvia
457 3058 529 3119 sunt,
547 3052 696 3106 hiscendist
713 3051 787 3102 nulla
803 3053 942 3117 potestas;

153 3130 319 3202 praesertim
337 3145 399 3185 eum
418 3126 519 3181 sintin
537 3126 649 3178 summis
667 3139 781 3190 corpora
798 3123 881 3176 rebus

1022 3242 1080 3344 A
