2176 3404
553 73 580 128 V
940 73 996 128 145

135 179 329 248 nympharum,
346 177 446 246 quibus
464 193 479 230 e
498 176 715 231 scibant-umori²
735 176 838 230 fluenta

135 255 253 329 lubrica,
263 253 387 322 proluvie
404 253 481 320 larga
498 254 588 306 lavere
606 252 700 306 umida
717 268 790 317 saxa,
964 266 1001 306 oso

135 331 233 385 umida
251 347 325 398 saxa,
344 346 426 398 super
444 328 525 382 viridi
544 329 676 383 stillantia
692 343 792 395 musea,

135 412 165 463 et
183 407 289 477 partim
307 407 388 476 plano
406 410 512 459 scatere
529 409 612 474 atque
631 422 776 474 erumpere
793 415 901 474 campos

133 486 257 540 necdum
274 500 319 538 res
337 484 394 551 igni
412 481 518 536 scibant
536 486 657 536 tractare
674 499 765 551 neque
782 483 824 536 uti

133 561 257 630 pellibus
274 564 304 615 et
321 560 413 628 spoliis
431 577 529 628 corpus
547 559 648 613 vestire
665 560 792 625 ferarum,

133 639 186 692 scd
198 655 313 693 nemora
324 642 407 706 atque
419 654 498 692 cavos
510 638 610 691 montis
622 637 756 704 silvasque
769 637 894 690 colebant
964 651 1000 690 oso

134 719 165 769 et
183 716 299 768 frutices
316 715 389 768 inter
407 713 560 768 condebant
579 713 704 782 squalida
720 712 843 766 rnernbra

133 791 254 845 verbera
271 794 416 845 ventorum
434 791 521 844 vitare
538 790 688 858 imbrisque
706 790 798 843 coacti.

132 885 186 922 nec
203 884 347 921 commune
364 867 465 921 bonum
483 871 612 936 poterant
630 869 755 935 spectare
772 882 861 935 nequo
878 867 941 921 ullis

132 944 258 997 moribus
275 945 348 997 inter
365 961 395 998 se
414 945 522 999 scibant
539 961 589 998 nec
607 942 713 1009 legibus
730 941 779 995 uti.

133 1021 211 1090 quod
229 1020 328 1087 cuique
345 1021 485 1074 obtulerat
502 1020 621 1090 praedae
639 1019 755 1086 fortuna,
773 1018 881 1073 ferebat
964 1035 1000 1075 aoo

133 1102 234 1167 sponte
252 1115 301 1151 sua
318 1097 370 1151 sibi
388 1098 504 1167 quisque
521 1097 613 1150 valere
630 1099 659 1149 et
677 1096 768 1149 vivere
786 1095 889 1150 doetus.

132 1178 163 1227 et
180 1175 276 1228 Venus
293 1174 322 1228 in
340 1175 413 1228 silvis
430 1168 861 1242 iungebat‘corporaamantmm

132 1251 295 1304 conciliabat
312 1251 384 1304 enim
402 1250 445 1304 vel
462 1255 558 1304 mutua
576 1265 712 1318 quamque
729 1248 828 1316 cupido

133 1326 177 1378 vel
196 1326 315 1380 violenta
332 1326 384 1381 riri
401 1327 442 1380 vis
460 1331 544 1394 atque
562 1326 675 1393 inpensa
693 1324 776 1377 libido

132 1401 175 1455 vel
193 1403 320 1470 pretium,
337 1402 451 1470 glandes
469 1406 554 1470 atque
572 1401 662 1455 arbita
680 1401 723 1454 vel
740 1402 801 1470 pira
817 1402 896 1458 locta
962 1408 998 1456 os⁵

133 1481 163 1532 et
180 1495 310 1532 manuum
328 1480 398 1532 mira
414 1480 479 1533 freti
498 1480 602 1532 virtute
620 1477 777 1546 pedumque

133 1554 361 1609 consectabantur
378 1555 513 1609 silvestria
531 1555 620 1608 saecla
637 1555 756 1607 serarum

90 1647 122 1680 aa
133 1630 281 1684 missilibus
299 1632 371 1685 saxis
389 1635 419 1685 et
436 1648 534 1698 magno
552 1631 674 1700 pondere
692 1631 798 1695 clarae;

90 1730 122 1764 aas
133 1707 275 1776 multaque
292 1707 444 1773 vincebant,
462 1708 691 1786 vitabantpauca
708 1692 837 1773 latebris3

133 1784 334 1852 saetigerisque
350 1801 431 1915 pares
449 1785 525 1837 subu'
544 1784 584 1857 alc
603 1783 739 1837 silvestria
757 1785 881 1839 membra
961 1797 998 1839 970

132 1860 208 1915 nuda
225 1860 299 1915 deba
362 1877 439 1914 errae
478 1877 510 1914 oc
523 1877 591 1913 urno
611 1863 734 1928 tempore
751 1861 831 1929 capti,

133 1937 234 1990 circum
253 1954 282 1990 se
300 1936 372 1990 foliis
389 1953 421 1990 ac
438 1936 581 1990 frondibus
598 1936 773 1990 involventes.
843 1973 873 1979 -

133 2029 183 2066 nec
201 2013 333 2083 plangore
350 2014 424 2068 diem
443 2030 541 2080 magno
560 2013 700 2082 solemque
718 2030 768 2082 per
785 2030 864 2081 agros
900 2049 904 2055 ·

133 2089 302 2157 quaerebant
320 2089 411 2158 paridi
428 2091 552 2158 palantes
570 2090 658 2144 noctis
676 2090 704 2142 in
722 2089 833 2156 umbris,

91 2191 122 2225 m
133 2166 182 2220 sed
200 2167 278 2221 taciti
295 2166 487 2236 respectabant
505 2182 654 2233 somnoque
673 2165 779 2234 sepulti,
832 2178 836 2187 “
960 2179 997 2220 ars

91 2260 121 2294 aa
132 2242 198 2296 dum
216 2260 295 2297 rosea
311 2244 370 2298 faee
388 2243 428 2297 sol
445 2245 559 2297 inferret
576 2242 678 2296 lumina
695 2244 776 2296 caelo⁴

132 2335 148 2372 a
164 2320 255 2385 parvis
272 2319 347 2389 quod
364 2321 436 2374 enim
454 2322 618 2374 consuerant
635 2336 747 2373 eernere
765 2335 873 2387 semper

132 2394 237 2449 alterno
255 2395 385 2450 tenebras
403 2400 432 2450 et
450 2396 538 2450 lucem
556 2398 683 2464 tempore
699 2395 780 2463 gigni,

131 2488 184 2524 non
202 2475 262 2525 erat
280 2476 312 2526 ut
329 2472 389 2526 fieri
407 2477 500 2541 posset
517 2472 644 2526 mirarier
662 2488 791 2540 umquam
814 2518 817 2522 Δ

132 2563 181 2601 nec
198 2546 323 2602 diffidere
341 2566 376 2602 ne
395 2554 484 2603 terras
502 2554 615 2604 aeterna
632 2552 743 2602 teneret
957 2561 995 2599 ssa

132 2640 184 2676 nox
202 2622 230 2676 in
247 2629 412 2693 perpetuum
430 2625 556 2680 detracto
575 2625 677 2679 lumine
695 2625 766 2679 solis.

133 2699 180 2752 sed
197 2702 284 2768 magis
302 2701 369 2754 illud
387 2707 448 2756 crat
465 2719 554 2768 curae,
573 2702 648 2770 quod
665 2701 754 2755 saecla
770 2706 890 2755 ferarum

132 2775 257 2829 infestam
274 2777 381 2831 miseris
398 2778 534 2832 faciebant
552 2794 634 2847 saepe
652 2777 780 2846 quietem.

133 2851 266 2920 eiectique
283 2853 365 2907 dorne
382 2854 524 2923 fugiebant
542 2870 624 2908 saxea
643 2856 719 2907 tecta

133 2929 278 2999 spumigeri
296 2930 352 2985 suis
369 2931 489 2985 adventu
507 2930 624 2984 solidive
641 2929 727 2991 leonis

133 3010 214 3075 atque
231 3008 398 3077 intempesta
414 3005 549 3060 cedebant
566 3009 645 3061 nocte
663 3010 796 3073 paventes

134 3082 282 3151 hospitibus
300 3083 389 3136 saevis
406 3083 522 3134 instrata
539 3080 637 3133 cubilia
654 3079 759 3131 fronde.

166 3160 224 3212 Nec
241 3159 324 3212 ninrio
341 3162 400 3215 tum
418 3155 479 3221 plus
498 3169 580 3219 quarn
597 3169 668 3204 nunc
685 3155 810 3206 mortalia
828 3153 919 3205 saecla

136 3233 161 3274 ia
