2138 3404
84 200 147 255 hinc
164 203 257 255 tamen
274 216 336 255 esse
352 200 418 255 licet
434 216 497 254 raro
514 214 577 253 cum
594 212 709 268 corpore
726 214 830 254 cernas

84 275 114 329 in
131 276 205 330 saxis
223 293 256 331 ac
272 276 408 346 speluncis
424 278 570 346 permanat
586 290 720 344 aquarum

84 351 206 422 liquidus
222 370 302 408 umor
318 357 349 408 et
365 352 496 407 uberibus
513 351 582 406 flent
595 351 688 405 omnia
703 351 801 420 guttis.

85 429 202 500 dissipat
219 430 248 484 in
265 446 365 499 corpus
383 446 443 484 sese
460 428 538 483 cibus
555 444 637 482 omne
655 427 833 482 animantum.
905 443 943 484 sss

84 510 211 561 crescunt
228 505 342 560 arbusta
359 509 389 560 et
405 504 480 559 fetus
497 505 525 558 in
543 508 669 573 tempore
686 503 813 572 fundunt,

85 582 160 650 quod
177 582 254 636 cibus
272 582 300 636 in
317 585 390 637 totas
408 597 495 652 nsque
513 580 549 634 ab
566 578 704 634 radicibus
720 580 782 635 imis

84 674 136 726 per
152 661 265 712 truncos
282 674 314 712 ac
330 674 381 726 per
398 674 489 712 ramos
506 656 672 711 diffunditur
689 657 782 710 omnis

85 734 158 787 inter
176 737 271 803 saepta
287 737 381 788 meant
398 750 479 788 voces
495 736 526 788 et
541 733 634 788 clausa
651 731 794 788 domorum

85 809 285 878 transvoiitant
303 808 421 878 rigidum
437 812 581 879 permanat
598 809 686 877 in‘gm
703 809 741 863 ad
758 824 825 862 osso„
904 824 941 863 ass

85 884 161 954 quod
178 884 230 938 nisi
247 885 337 939 insuia
354 885 416 952 sint,
435 902 490 955 qne
506 886 612 954 possint
628 901 742 955 corpora
760 900 887 954 quaeque

85 961 221 1017 transiret
245 961 319 1015 haud
336 961 392 1015 ulla
408 962 469 1016 fieri
486 963 594 1016 ratione
612 959 728 1017 rideres.

86 1036 206 1107 denique
223 1053 271 1091 cur
288 1037 355 1091 alias
372 1037 432 1091 aliis
449 1041 591 1107 praestare
609 1037 735 1092 ridemus

84 1113 208 1183 pondere
225 1130 271 1168 res
288 1114 371 1168 rebus
388 1112 444 1167 nilo
462 1115 565 1169 maiore
582 1114 689 1182 figurat
765 1139 772 1177 ι

85 1207 149 1244 riam
167 1191 190 1244 si
207 1191 397 1245 tantundemst
414 1191 442 1247 iu
458 1191 537 1245 lenae
555 1191 676 1259 glomero
694 1192 827 1260 qnantum
902 1206 940 1246 sou

85 1268 206 1336 corporis
223 1268 251 1321 in
268 1266 380 1337 plumbo
398 1270 448 1335 est,
465 1266 629 1321 tantundem
646 1267 768 1336 pendere
784 1282 834 1335 par
851 1269 905 1335 est,

85 1345 207 1412 corporis
224 1344 369 1398 officiumst
386 1343 514 1413 quoniam
532 1359 658 1412 premere
676 1343 767 1397 omnia
783 1341 922 1412 deorsum,

85 1425 181 1475 contra
198 1425 291 1476 autem
309 1425 408 1474 natura
425 1423 518 1474 manet
529 1419 593 1473 ‘sine
610 1418 733 1488 pondere
750 1418 846 1472 inanis.

85 1506 152 1563 orgo
170 1497 245 1564 quod
262 1499 419 1564 magnumst
436 1512 526 1564 aeque
543 1495 685 1564 leviusque
702 1495 821 1564 videtur,

86 1572 214 1624 nimirum
232 1572 293 1641 plus
311 1588 372 1626 esse
389 1572 442 1627 sibi
460 1571 582 1626 declarat
599 1571 702 1637 inanis3
901 1587 939 1626 ass

67 1651 115 1707 tat
133 1652 229 1701 contra
246 1648 356 1715 gravius
373 1648 434 1717 plus
451 1649 480 1702 in
497 1664 527 1702 se
545 1649 666 1716 corporis
683 1663 744 1701 esse

86 1722 196 1777 dedicat
214 1727 243 1777 et
259 1724 347 1777 multi
363 1725 442 1778 vacui
458 1724 549 1778 minus
566 1725 642 1777 intus
658 1722 781 1792 haberet

85 1802 129 1852 cst
146 1799 231 1866 igitur
247 1800 373 1854 nimirum
392 1800 422 1853 id
439 1800 514 1868 quod
531 1801 637 1854 ratione
656 1800 747 1868 sagaci

85 1877 248 1945 (praecimus,
266 1876 418 1931 admixtum
435 1876 526 1945 rebus,
544 1876 618 1945 quod
635 1876 715 1930 inane
732 1892 867 1931 vocemus.

120 1952 194 2006 illud
211 1953 239 2005 in
256 1951 299 2006 his
316 1952 399 2006 rebus
416 1968 452 2007 ne
468 1956 499 2007 te
517 1952 654 2007 deducere
671 1969 736 2006 vero
900 1969 939 2015 aro

85 2029 178 2097 possit,
198 2028 273 2097 quod
290 2028 402 2097 quidam
419 2029 535 2097 fingunt,
552 2044 731 2098 praecurrere
748 2045 837 2098 cogor.

84 2106 183 2161 cedere
201 2106 381 2175 squamigeris
397 2106 493 2160 latices
510 2105 663 2160 nitentibus
680 2106 757 2161 aiunt

84 2186 114 2237 et
130 2182 249 2252 liquidas
266 2183 374 2251 aperire
391 2182 456 2250 rias,
473 2183 537 2251 quia
553 2186 617 2250 post
634 2182 694 2235 loca
711 2182 799 2250 pisces

84 2259 216 2330 linquant,
235 2275 289 2328 quo
307 2259 412 2327 possint
428 2259 558 2313 cedentes
576 2258 712 2313 confluere
729 2259 828 2314 undae.

84 2337 123 2389 sic
140 2336 207 2389 alias
225 2352 334 2404 quoque
351 2352 396 2389 res
413 2336 533 2389 intense
550 2351 630 2402 posse
648 2335 752 2388 moveri
898 2353 937 2393 sss

84 2415 113 2466 et
131 2416 240 2466 mutare
256 2411 353 2478 locum,
369 2412 493 2480 quamvis
510 2413 566 2465 sint
583 2411 673 2465 omnia
690 2412 778 2481 piena

84 2488 188 2543 scilicet
204 2488 235 2542 id
251 2487 320 2542 falsa
337 2491 427 2542 totum
445 2486 550 2543 ratione
567 2492 745 2558 receptumst.

83 2581 146 2619 nam
164 2580 219 2636 quo
237 2565 401 2633 squamigeri
418 2567 551 2633 poterunt
567 2564 716 2633 procedere
734 2564 854 2635 tanuen,

83 2642 112 2695 ni
130 2642 249 2711 spatium
268 2640 396 2694 dederint
413 2641 523 2696 latices?
541 2641 691 2695 concedere
709 2658 791 2710 porro

84 2735 138 2788 quo
156 2721 288 2789 poterunt
305 2717 403 2784 undae,
421 2734 482 2771 cum
500 2717 590 2787 pisces
607 2718 649 2772 ire
665 2717 838 2786 nequibunt?
897 2733 937 2774 sss

83 2799 131 2848 aut
148 2795 233 2861 igitur
249 2797 326 2845 motu
342 2792 534 2861 privandumst
551 2810 665 2861 corpora
684 2811 809 2863 quaeque

83 2872 133 2920 aut
149 2884 210 2920 esse
227 2867 379 2920 admixtum
398 2869 574 2921 dicundumst
591 2867 674 2921 rebus
692 2869 772 2925 inane

84 2941 159 2994 unde
176 2941 275 2992 initum
291 2941 409 3007 primum
427 2943 518 3009 capiat
535 2959 580 2995 res
597 2959 722 3010 quaeque
739 2944 874 2998 movendi.

84 3018 224 3081 postremo
243 3013 298 3064 duo
316 3014 352 3065 de
369 3031 501 3068 concursu
518 3031 631 3084 corpora
648 3016 705 3071 lata

86 3088 109 3139 si
125 3088 181 3140 cita
197 3085 341 3152 dissiliant,
357 3103 457 3156 nempe
474 3105 523 3142 aer
539 3106 620 3142 omne
636 3097 782 3163 necessest,
896 3117 937 3159 we

85 3161 158 3213 inter
174 3175 289 3227 corpora
306 3159 381 3226 quod
398 3162 453 3228 fist,
468 3163 594 3229 possidat
611 3166 698 3221 inune.
1059 3162 1060 3207 i
