2190 3398
104 84 142 141 96
494 85 567 144 IIII

100 184 167 238 inde
183 187 283 252 tamen,
302 185 426 254 quumvis
444 187 518 238 torte
535 185 700 255 penitusque
718 188 833 253 remota,
920 200 961 240 soe

56 279 89 312 66
101 260 193 314 omniu
208 277 260 330 per
277 260 362 314 flexos
379 260 471 315 aditus
490 260 701 316 eductu-licebit

101 336 226 405 pluribus
243 337 310 391 haec
328 336 449 406 speculis·
464 336 612 391 rideantur
625 337 657 390 in
674 336 789 392 sedibus
806 353 874 392 esse.

101 413 274 481 usqueadeo
293 412 403 483 speculo
421 413 450 467 in
468 413 609 482 speculum
627 413 778 468 translucet
795 412 895 481 imago,

100 493 130 544 ct
148 506 210 543 cum
226 489 306 543 laeru'
321 488 388 543 data
405 493 456 554 est,
475 490 508 543 lit
526 506 620 543 rusum
637 492 670 543 ut
688 486 803 543 dextera
820 489 878 558 liat,

99 565 164 620 iude
181 567 257 619 retro
274 581 383 618 rursum
401 564 475 619 redit
492 568 522 619 ct
540 565 709 620 convortitur
726 565 831 619 codem.
918 582 961 622 eru

55 649 88 696 ssi
100 643 165 711 quin
182 642 266 696 otium
284 657 473 709 quaecumque
491 640 626 695 latuscula
644 644 708 695 sunt
725 641 899 710 speculorum

99 718 217 772 adsimili
234 717 330 771 luteris
348 717 453 770 flexura
470 717 597 786 praedita
615 718 710 785 nostri,
729 729 732 736 ·

99 794 215 848 dexteru
232 797 398 863 eapropter
415 792 493 846 nobis
511 791 655 846 simulacra
672 793 825 859 remittunt,

99 873 147 923 aut
165 869 281 939 quiade
300 868 410 938 speculo
428 867 616 938 inspeculum
634 869 800 922 transfertur
817 868 918 937 imago,

98 945 163 999 inde
180 944 218 999 ad
234 961 284 1000 nos
301 945 368 999 clis'u
385 944 428 999 bis
446 944 565 1012 advolat,
583 947 631 998 aut
649 944 733 998 etiam
750 943 827 1012 quod
916 961 958 1001 31⁵
1070 1018 1075 1023 Q

54 1045 87 1078 66
99 1022 202 1076 circum
219 1021 320 1089 agitur,
338 1037 400 1075 cum
418 1021 503 1088 venit,
520 1021 611 1088 imago
628 1024 777 1089 propterea
794 1018 870 1089 quod

99 1097 171 1152 fleus
188 1097 276 1165 figura
293 1096 376 1151 docet
394 1096 498 1165 speculi
517 1090 671 1150 convertier
688 1095 724 1149 ad
742 1112 799 1150 nos.

98 1173 245 1243 indugredi
262 1188 345 1242 porro
362 1173 468 1242 pariter
486 1172 631 1229 simulacra
648 1171 802 1242 pedemque

98 1267 201 1320 ponere
218 1248 359 1303 nobiscum
377 1247 473 1302 credas
490 1252 654 1316 gestumque
672 1247 773 1301 imitari

97 1330 247 1398 propterca
264 1325 334 1395 quia,
352 1324 388 1379 de
406 1325 508 1394 speculi
526 1341 581 1393 quo
597 1327 678 1395 parte
696 1323 816 1391 recedas,
916 1339 957 1381 ssu

54 1427 87 1459 ur
99 1403 228 1458 continuo
246 1404 388 1471 nequeunt
404 1399 478 1455 illinc
496 1400 641 1454 simulacro
658 1399 775 1465 revorti3

99 1481 189 1533 omniu
206 1478 429 1548 quondoquidem
446 1477 521 1546 cogit
537 1481 637 1531 natura
655 1476 754 1530 referri

99 1573 132 1610 ac
149 1555 255 1609 resilire
273 1555 308 1607 ab
326 1554 410 1607 rebus
427 1553 463 1606 ad
480 1570 581 1621 aequos
599 1552 711 1607 reddita
727 1552 822 1606 flexus.

54 1657 87 1690 ns
135 1629 286 1701 Splendida
303 1645 385 1698 porro
404 1629 474 1684 oculi
491 1630 613 1697 fugitant
629 1629 773 1696 vitantque
789 1627 871 1682 tueri.

99 1705 648 1834 661666666666666666666166ς1666
768 1744 774 1771 ,
915 1718 955 1758 sss

98 1786 246 1853 propterea
263 1781 328 1850 quia
344 1781 385 1834 vis
403 1785 528 1850 magnast
545 1782 631 1852 ipius
648 1720 776 1848 elem>

98 1875 165 1914 acro
181 1874 233 1928 per
249 1872 349 1926 purum
367 1859 488 1925 graviter
506 1857 649 1912 simulacre
665 1858 792 1912 feruutur

99 1940 130 1990 ot
146 1935 249 1989 feriunt
267 1933 359 1987 oculos
377 1932 742 2003 tmbentidcompositu'ras.

99 2015 245 2083 practerea
263 2009 392 2078 splendor
410 2010 574 2079 quicumque
592 2015 636 2065 est
653 2022 716 2064 a'cer
733 2009 826 2063 adurit

54 2116 86 2148 su
99 2105 182 2159 saepe
199 2086 291 2142 oculos
308 2085 371 2139 ideo
390 2086 463 2155 quod
482 2088 586 2141 semina
598 2086 727 2156 vpossidet
743 2071 815 2154 ignis
915 2099 954 2141 ss)

99 2167 194 2234 multa,
211 2163 333 2218 dolorem
351 2163 437 2217 oculis
455 2180 528 2232 quae
542 2164 659 2231 gignunt
675 2161 847 2216 insinuando.

98 2238 349 2311 lurida'praetcrea
366 2239 437 2293 liunt
451 2248 643 2308 ‘quaecumque
660 2241 775 2293 tuentur
813 2244 821 2255 '

98 2317 216 2387 urqmti,
234 2316 299 2386 quia
315 2316 415 2369 luroris
432 2314 469 2369 de
486 2332 601 2385 corpore
619 2331 713 2370 eorum

100 2394 204 2448 semino
221 2392 309 2447 multa
325 2392 415 2445 fluunt
433 2392 585 2446 simulacris
603 2391 683 2447 obvia
699 2407 800 2456 rerum,

54 2499 86 2531 en
98 2471 240 2539 multoque
257 2470 322 2524 sunt
339 2468 424 2522 oculis
442 2468 470 2521 in
488 2484 582 2522 eorum
601 2467 718 2536 denique
735 2467 830 2535 mixtu,
914 2483 952 2524 sse

98 2563 169 2616 quae
186 2550 302 2613 contage
320 2560 370 2598 suu
387 2544 536 2614 palloribus
554 2544 645 2598 omnio
662 2544 787 2613 pingunt.
810 2548 824 2590 J

98 2639 114 2677 6
132 2622 253 2677 tenebris
270 2624 363 2675 autem
381 2636 451 2688 quse
469 2623 533 2675 suut
550 2620 579 2674 in
596 2620 656 2674 luce
674 2623 785 2673 tuemur
864 2679 869 2687 ⁶

97 2703 246 2770 propterea
264 2697 335 2766 quis,
353 2713 416 2751 cum
433 2697 546 2767 propior
563 2694 686 2766 coliginis
703 2711 752 2748 666

98 2779 160 2828 ater
176 2775 228 2829 init
245 2774 338 2841 oculos
354 2773 431 2840 prior
448 2777 478 2828 et
495 2773 618 2842 possedit
635 2768 754 2842 opertos,

56 2865 87 2896 ns
99 2847 252 2914 insequitur
267 2847 390 2901 ¹c'sndens
407 2849 551 2903 confestim
568 2849 676 2903 lucidus
692 2863 758 2902 uer·
775 2856 777 2861 ’
911 2858 952 2900 ω

50 2956 54 2959 -
99 2921 146 2985 qui
164 2920 242 2986 quasi
258 2922 423 2989 pur‘geueos
441 2928 473 2977 66
490 2924 583 2991 nigras
601 2923 717 2977 discutit
733 2920 845 2976 umbras

99 2992 170 3042 ueris
186 2990 348 3067 illiusnam
366 2997 460 3050 multis
477 2998 603 3066 partibus
620 2998 665 3052 hic
683 3001 728 3052 ost
751 2996 770 3045 .’
832 3056 836 3062 ,

98 3062 224 3114 mobilior
240 3066 388 3135 multisque
405 3073 536 3126 minutior
553 3077 583 3127 et
599 3086 679 3142 muge
696 3074 809 3142 pollens
829 3094 833 3103 ·

100 3135 148 3200 qui
165 3135 245 3187 simul
262 3143 346 3205 utque
363 3144 421 3196 vias
438 3146 578 3200 oculorum
596 3148 656 3202 luco
673 3149 792 3218 replevit

1091 480 1093 539 l
