2138 3404
519 97 536 154 I
927 97 963 154 21

111 213 130 252 a
146 197 222 252 caelo
240 196 277 250 ad
294 200 407 264 terram,
423 196 460 251 de
477 199 554 252 terra
571 196 608 252 ad
625 197 718 251 sidera
734 198 841 254 mundi.

110 275 187 344 quod
203 276 293 329 faeere
310 274 386 328 haud
402 274 458 328 ullo
476 274 579 329 debent
595 274 746 345 primordia
761 279 849 344 paeto.

110 351 284 406 immutabile
300 351 375 407 cuim
392 351 523 421 quiddam
541 369 672 420 superare
690 356 838 420 necessest,
930 367 969 408 too

111 446 148 483 nc
165 445 211 483 res
228 428 266 482 ad
281 428 367 482 nilum
385 428 547 496 redigantur
564 429 689 483 funditus
706 446 806 483 omnes.

112 522 176 559 nam
195 504 387 574 quodcumque
399 505 460 558 ‚suis
478 508 615 559 mutatum
633 505 734 559 finibus
752 506 817 573 exit,

112 583 246 636 continuo
259 582 311 636 hoc
326 598 402 635 mors
419 585 464 657 est
480 581 553 635 illius
571 583 645 650 quod
662 583 716 637 init
733 586 804 639 ante.

113 662 283 729 quapropter
301 659 427 726 quoniam
445 674 516 726 quae
534 658 615 728 poulo
634 658 753 713 diximus
771 663 836 714 ente

111 737 357 790 incommutatum
375 734 496 801 veniunt,
515 737 640 788 constare
657 740 794 790 necessest
932 749 969 792 tto

113 829 150 867 cx
167 812 228 866 aliis
246 829 285 880 00,
303 828 373 881 qnae
391 812 530 880 nequeant
548 811 702 866 convertier
719 828 843 881 usquam,

112 906 150 943 no
167 888 219 942 tibi
237 905 282 942 res
300 888 417 942 redeant
434 887 471 941 ad
488 887 574 940 nilum
592 887 717 942 funditus
734 905 834 943 omnes.

114 966 183 1033 quin
200 965 290 1034 potius
308 964 358 1018 tali
376 967 475 1017 natura
493 962 619 1032 praedita
637 964 770 1033 quaedam

114 1057 230 1110 corpora
248 1040 406 1107 constituas,
424 1040 516 1108 ignem
535 1039 559 1092 si
577 1039 648 1094 forte
666 1043 791 1107 errarint,

113 1133 196 1186 posse
213 1117 310 1171 eadem
328 1115 448 1185 demptis
466 1116 559 1185 paucis
576 1116 724 1186 paucisque
742 1117 862 1187 tributis,
931 1132 969 1173 soo

114 1193 213 1247 ordine
230 1197 336 1248 mutato
355 1196 384 1247 ot
402 1196 486 1259 motu,
504 1192 594 1246 fucere
611 1194 683 1246 aeris
699 1210 787 1262 ouras,

114 1270 155 1324 sic
172 1269 240 1323 ulios
256 1270 315 1322 aliis
333 1268 417 1322 rebus
434 1269 567 1323 mutarier
584 1270 687 1330 omnisi

152 1346 209 1400 ‘At
226 1345 371 1399 manifesta
388 1345 542 1413 palamres
560 1345 675 1399 indieat'
693 1347 782 1414 inquis
801 1347 841 1399 ‘in
859 1363 940 1402 auras

115 1422 188 1476 aeris
205 1438 222 1476 e
239 1422 314 1476 terra
331 1437 376 1475 res
395 1421 482 1474 omnis
500 1437 623 1474 creseere
641 1421 744 1491 aliquc3

115 1501 147 1552 ot
163 1498 215 1552 nisi
234 1500 385 1566 tempestas
402 1497 528 1564 indulget
546 1500 670 1566 tempore
688 1497 777 1551 fausto
932 1514 970 1554 coo

113 1574 257 1642 imbribus,
275 1578 309 1628 ut
325 1573 391 1628 tabo
409 1574 561 1627 nimborum
580 1572 693 1627 arbusta
710 1573 844 1641 vacillent,

115 1650 212 1719 solque
230 1667 278 1704 suo
295 1668 346 1720 pro
364 1654 445 1719 parte
462 1651 538 1704 fovet
556 1649 708 1718 tribuitque
726 1651 850 1719 calorem,

115 1743 239 1782 crescere
256 1744 311 1781 non
327 1726 433 1795 possint
450 1726 545 1794 irrigas
563 1725 675 1780 arbusta
693 1727 853 1782 animantis?
896 1732 897 1736 ’

115 1803 220 1858 sedicet
237 1807 267 1858 et
283 1803 335 1857 nisi
353 1819 402 1856 nos
420 1802 497 1856 cibus
515 1802 609 1856 aridus
627 1806 656 1857 et
673 1807 752 1858 tener
769 1821 847 1858 umor

115 1879 236 1947 adiuret,
254 1881 352 1934 andsso
369 1880 423 1933 iam
442 1896 555 1947 corpore
573 1879 629 1934 vita
647 1896 754 1950 quoquo
772 1883 859 1935 omnis
932 1898 970 1936 oio

115 1955 243 2010 omnibus
261 1973 277 2010 e
294 1957 385 2011 nervis
403 1960 486 2024 atque
505 1955 609 2008 ossibus
628 1958 790 2013 exsoluutur.

115 2032 274 2086 adiutamur
291 2032 364 2086 enim
382 2031 465 2086 dubio
483 2032 579 2100 procul
598 2034 681 2101 atque
698 2033 795 2087 alimur
811 2051 861 2088 nos

114 2109 199 2162 certis
216 2108 251 2162 ab
268 2108 359 2175 rebus,
377 2108 461 2162 certis
479 2108 549 2162 uliae
567 2111 650 2177 atque
669 2109 737 2164 aliae
754 2127 806 2163 res.

115 2185 245 2238 nimirum
262 2185 325 2254 quia
342 2185 429 2238 multa
446 2184 534 2238 modis
553 2187 704 2239 communia
721 2186 816 2240 multis

115 2260 265 2314 multarum
282 2277 375 2315 rerum
391 2261 420 2314 in
437 2261 521 2314 rebus
538 2261 688 2329 primordia
704 2262 790 2316 mixta
933 2279 970 2317 sis

116 2339 189 2403 sunt,
207 2336 269 2390 ideo
286 2338 367 2390 variis
386 2337 477 2390 variae
495 2353 541 2390 res
558 2337 642 2391 rebus
659 2337 775 2392 aluntur.

116 2415 202 2482 nique
219 2413 315 2467 eadem
332 2413 423 2481 magui
440 2414 527 2467 refert
544 2413 694 2482 primordia
711 2430 791 2483 saepo

115 2504 179 2542 cum
196 2489 294 2558 quibus
312 2493 340 2543 et
357 2489 430 2558 quali
447 2491 570 2559 positura
588 2491 779 2544 contineantur
811 2499 813 2502 ⁴

115 2569 147 2619 ct
165 2582 233 2632 quos
250 2567 323 2621 inter
340 2583 370 2620 se
389 2566 456 2620 dent
473 2569 564 2620 motus
582 2567 784 2636 accipiantqu03

116 2657 235 2709 numque
253 2642 350 2696 eudem
368 2643 472 2697 caelum
489 2658 565 2696 mare
583 2646 673 2697 terras
690 2643 801 2697 fiumina
819 2643 903 2696 soloni
932 2656 970 2696 000

114 2717 295 2786 constituunt,
315 2719 411 2773 eodem
429 2720 523 2789 fumes
540 2720 653 2774 arbusta
671 2720 830 2786 animantis

115 2809 212 2847 verum
230 2794 291 2847 aliis
309 2795 415 2863 alioque
433 2796 514 2849 modo
532 2796 679 2850 commixto
697 2797 847 2850 moventur.

115 2870 183 2938 quin
201 2870 285 2924 etiam
302 2873 404 2940 passim
421 2873 522 2927 nostris
539 2873 566 2926 in
583 2871 707 2926 uersibus
724 2871 790 2941 ipsis

115 2946 205 3001 multa
223 2946 359 3001 elementa
376 2949 453 3003 vidos
471 2949 564 3002 multis
583 2949 736 3002 commimia
752 2947 851 3012 verbis,

115 3038 179 3076 eum
198 3026 290 3077 tamen
308 3024 381 3078 inter
399 3042 429 3079 sc
446 3041 541 3079 versus
558 3041 590 3077 ac
607 3022 691 3076 verba
709 3025 846 3078 necessest
933 3028 970 3066 82⁶

115 3099 266 3154 confiteare
283 3105 313 3155 ot
330 3118 362 3155 re
380 3106 410 3156 et
426 3102 519 3155 sonitu
537 3100 641 3152 distare
659 3099 772 3151 sonanti.

115 3177 227 3230 tantum
244 3177 381 3232 clementa
398 3179 502 3246 queunt
519 3175 676 3243 liermutoto
694 3173 790 3225 ordino
807 3168 871 3220 solo.
