2138 3404
88 199 119 252 et
136 196 185 266 qui
201 195 364 265 principium
380 194 528 264 gignundis
543 211 609 252 acra
624 196 708 252 rebus
739 201 741 205 ’

87 272 264 340 constituere,
283 275 333 326 aut
350 288 473 325 umorem
491 272 656 343 quicumque
673 277 808 343 putarunt

88 349 194 416 fingere
212 365 257 402 res
274 349 364 416 ipsum
381 364 432 416 per
449 365 486 416 se,
505 352 643 407 terramve
661 367 754 405 creare

88 426 181 478 omnia
198 425 273 478 etin
291 441 383 478 rerum
402 428 514 478 naturas
531 424 634 480 vertier
652 427 747 494 omnis,
909 442 947 484 rio

88 517 188 569 magno
207 516 290 570 opere
308 517 325 553 a
342 517 407 554 vero
425 500 505 568 longe
523 501 649 556 derrasse
666 502 803 558 videntur.
936 508 939 512 “

87 576 162 631 addc
181 577 264 631 etiam
284 577 332 645 qui
350 576 543 645 conduplicant
561 578 711 645 primordia
728 597 819 634 rerum

88 670 155 708 aera
172 652 315 721 iungentes
332 653 389 721 igni
407 655 566 721 terramque
584 653 691 723 liquori,
897 649 901 656 ’

87 733 119 784 et
137 729 185 799 qui
203 732 335 798 quattuor
352 746 386 782 ex
405 728 488 782 rebus
506 745 586 798 posse
604 732 694 784 omnia
710 735 808 786 rentur

88 822 124 859 ex
141 805 198 873 igni
217 810 292 867 terra
310 808 394 873 atquc
412 805 503 858 anima
520 822 694 873 procrescere
711 810 740 861 et
757 807 846 862 imbri.
909 822 946 864 rra

88 898 206 950 quorum
226 881 428 950 Acragantinus
446 897 507 935 cum
526 882 622 950 primis
640 883 819 952 Empedocles
836 886 887 953 est,

86 959 177 1013 insula
194 976 276 1027 quem
294 957 439 1027 triquetris
456 960 592 1011 terrarum
610 960 696 1027 gessit
714 960 742 1013 in
760 960 822 1026 oris,

88 1053 172 1104 quam
189 1035 300 1088 fluitans
317 1034 419 1087 circum
437 1035 542 1102 magnis
560 1035 726 1090 anfractibus
743 1053 846 1105 aequor

89 1112 197 1166 Ionium
215 1110 317 1179 glaucis
335 1111 458 1178 aspargit
475 1111 548 1164 virus
565 1111 600 1164 ab
619 1113 706 1180 undis,
759 1145 761 1149 .

87 1192 259 1257 angustoque
276 1188 350 1241 fretu
368 1186 494 1257 rapidum
512 1204 587 1241 mare
606 1188 705 1243 dividit
722 1189 803 1243 undis
908 1201 942 1243 ra]

89 1264 188 1318 ltaliae
205 1268 342 1317 terrarum
362 1280 423 1317 oras
441 1280 458 1316 a
475 1263 575 1317 finibus
593 1265 659 1319 eius.

87 1340 133 1393 hic
150 1343 193 1394 est
210 1344 288 1393 vasta
306 1338 457 1407 Charybdis
475 1343 505 1393 et
521 1339 571 1407 hic
585 1341 709 1394 Aetnaea
727 1340 864 1396 minentur

88 1433 228 1471 murmure
246 1416 417 1470 flammarum
436 1433 544 1470 rursum
563 1433 592 1470 se
611 1417 739 1484 colligere
755 1416 817 1484 iras,

85 1493 210 1547 faucibus
229 1497 340 1561 eruptos
359 1494 459 1547 iterum
477 1493 519 1546 ris
537 1497 569 1547 ut
587 1496 680 1547 vomat
696 1492 767 1561 ignis

85 1569 123 1624 ad
141 1569 301 1638 caelumque
319 1569 392 1623 ferat
410 1570 529 1623 flammai
548 1570 657 1638 fulguru
674 1586 789 1624 rursum.
907 1583 944 1626 ηδ

86 1664 159 1716 quse
177 1643 355 1714 cummagno
373 1646 462 1699 modis
480 1646 573 1699 multis
591 1646 715 1700 miranda
731 1645 842 1700 ridetur

85 1722 215 1792 gentibus
233 1722 358 1776 humanis
378 1723 454 1790 regio
473 1722 639 1790 visendaque
656 1723 752 1790 fertur,

86 1799 170 1854 rebus
187 1798 278 1868 opima
296 1799 381 1865 bonis,
401 1799 488 1852 multa
506 1798 611 1852 nrnnita
628 1799 716 1852 virum
734 1798 769 1865 vi,

86 1876 124 1930 nil
142 1880 237 1930 tamen
255 1875 305 1930 hoc
324 1873 449 1928 habuisse
468 1874 527 1928 viro
545 1874 710 1942 praeclarius
727 1875 755 1928 in
773 1892 803 1930 se

86 1967 137 2005 uec
155 1953 280 2004 sanctum
298 1950 385 2018 magis
405 1953 433 2003 et
451 1950 550 2003 mirum
569 1967 715 2019 carumque
733 1950 850 2005 videtur.
906 1963 943 2006 7³0

72 2027 208 2099 ,carmina
226 2026 292 2095 quin
312 2027 395 2079 etiam
415 2025 500 2079 divini
518 2028 637 2095 pectoris
655 2027 712 2080 eius

85 2102 271 2157 vociferantur
289 2106 318 2156 ct
338 2106 477 2171 exponunt
496 2103 635 2171 praeclara
652 2107 768 2171 reperta,

84 2183 117 2234 ut
134 2180 181 2233 vix
198 2178 316 2232 humana
335 2178 463 2233 videatur
482 2178 569 2248 stirpe
588 2183 702 2252 creatus.

122 2255 178 2308 Ilic
195 2259 287 2308 tamen
306 2259 335 2309 et
353 2272 435 2324 supra
454 2271 523 2324 quos
541 2254 659 2308 diximus
676 2254 819 2308 inferiores

83 2330 211 2401 partibus
229 2330 339 2399 egregie
358 2332 451 2385 multis
469 2331 610 2400 multoque
629 2330 753 2394 minores,
903 2344 940 2388 7³⁵

85 2424 251 2477 quamquam
268 2407 356 2461 multa
372 2407 443 2462 bene
460 2424 492 2462 ac
510 2407 639 2462 divinitus
656 2406 825 2462 invenientes

84 2500 120 2538 ex
138 2483 221 2551 adyto
239 2486 379 2552 tamquam
397 2485 487 2538 cordis
505 2501 635 2554 responsa
653 2483 755 2537 dedere

33 2604 35 2607 .
84 2560 206 2614 sanctius
224 2564 252 2614 et
270 2559 356 2614 multo
374 2565 450 2614 certa
467 2561 573 2615 ratione
591 2561 677 2628 iringis
696 2576 778 2627 quam

85 2636 186 2705 Pythie
203 2652 275 2705 quae
293 2636 394 2707 tripodi
412 2655 429 2690 a
448 2636 553 2690 Phoebi
572 2637 701 2704 lauroque
719 2635 851 2703 profatur,

82 2712 224 2782 principiis
242 2716 335 2767 tamen
353 2715 381 2766 iu
400 2730 491 2768 rerum
510 2715 600 2768 fecere
617 2713 709 2764 ruinas
903 2726 939 2767 tro

83 2792 113 2843 et
130 2790 253 2857 graviter
270 2791 362 2858 magni
381 2807 478 2859 magno
499 2790 621 2844 cecidere
639 2788 678 2841 ibi
696 2803 775 2854 casu;

83 2865 295 2936 primumquod
314 2871 404 2921 motus
424 2871 552 2937 exempto
571 2865 652 2920 rebus
670 2863 743 2917 inani

82 2942 254 2996 constituunt
273 2947 302 2997 et
319 2960 364 2996 res
383 2944 472 2996 mollis
491 2959 622 3012 rarasque
640 2940 805 3008 relinquent,

83 3032 149 3072 scra
166 3019 251 3072 solem
269 3021 361 3087 ignem
379 3023 469 3073 terras
487 3019 614 3071 animalia
630 3017 730 3082 fruges,

82 3111 134 3149 uec
151 3099 245 3149 tamen
263 3095 415 3149 admiscent
432 3095 462 3147 in
480 3109 572 3146 eorum
591 3106 689 3158 corpus
704 3089 800 3172 inane;
902 3098 938 3138 74⁵

82 3170 186 3225 deindo
205 3171 280 3241 quod
299 3171 408 3225 omnino
426 3170 508 3223 finem
526 3184 579 3219 non
598 3181 658 3217 csso
676 3161 800 3216 secandis
