2190 3398
554 96 591 154 II
959 101 999 167 57

138 201 228 270 qualis
245 200 290 255 hie
307 203 358 266 est,
376 199 456 254 avido
473 200 615 269 complexu
631 218 714 268 quem
727 204 809 258 tenet
826 203 930 260 aether.
987 234 992 239 ·

177 277 326 331 Praeterea
342 293 404 331 cum
421 276 550 334 materies
566 280 611 332 eat
627 278 714 333 multa
730 281 835 348 parata,

139 371 203 409 cum
221 353 296 408 loeus
313 356 356 408 est
372 356 483 422 praesto
501 370 550 408 neo
567 369 612 408 res
629 370 680 408 nee
697 370 780 409 caina
795 358 920 411 moratur

139 431 204 498 ulla,
221 429 282 499 geri
299 429 402 485 debent
419 427 547 484 nimirum
564 433 594 485 et
611 429 722 484 confieri
739 448 791 486 res.

133 524 214 567 mnne
232 510 261 561 et
278 505 426 561 seminibus
443 505 467 561 si
484 508 563 560 tanta
579 509 623 561 est
639 506 717 575 eopia
734 510 864 575 quantam
953 521 1001 562 nno

141 599 304 638 enumerare
321 585 398 639 aetas
414 582 583 637 animantum
600 599 655 636 non
672 584 868 652 omniomnis,

141 660 237 727 visque
254 659 350 714 eadem
367 665 399 717 et
410 662 508 717 natura
525 662 618 713 manet
635 675 706 728 quae
723 660 828 715 semina
844 677 936 716 rernm

142 736 268 791 eonieere
285 735 315 791 in
331 735 390 790 loca
407 751 530 804 quaeque
547 738 631 804 queat
648 734 729 790 simili
746 737 853 792 ratione

142 815 228 881 atque
244 811 297 866 hue
316 815 380 866 sunt
396 812 526 878 coniecta,
544 827 656 866 neeesse
673 815 716 867 est
733 812 881 868 confiteare

144 905 206 943 esse
223 889 289 943 alios
306 889 365 942 aliis
382 891 520 943 terrarum
537 887 565 941 in
583 887 707 956 partibus
724 887 798 942 orbis
811 900 826 905 ’·
954 904 1001 944 1075

135 968 175 1019 zet
190 966 284 1024 varias
296 963 434 1019 hominum
451 964 543 1032 gentis
561 968 591 1018 et
608 965 697 1018 saecla
714 965 840 1023 ferarum.

182 1041 245 1095 llue
262 1040 369 1095 aceedit
386 1041 464 1095 utin
482 1056 588 1095 sunrma
605 1057 650 1094 res
667 1041 742 1095 nulla
759 1042 796 1097 sit
812 1058 873 1110 una,

143 1117 225 1172 unica
241 1134 311 1186 quae
328 1117 456 1185 gignatur
474 1120 503 1172 et
521 1117 600 1171 urtica
618 1118 727 1187 solaque
744 1122 856 1187 creseat,

142 1194 209 1262 quin
226 1193 351 1263 aliquoiu'
371 1193 522 1251 sietsaeoli
539 1194 727 1262 permultaque
745 1194 842 1248 eodem

136 1271 201 1327 nint
216 1287 325 1338 genere.
342 1271 370 1323 in
386 1271 482 1340 primis
499 1269 667 1336 animalibus,
684 1270 786 1324 inclute
804 1270 926 1336 Memmi,
953 1283 1001 1322 mar

141 1346 266 1401 invenies
284 1347 322 1401 sie
339 1347 525 1414 montivagum
542 1362 629 1414 genus
647 1363 707 1401 esse
724 1347 850 1412 ferarum,

142 1424 183 1477 sie
198 1423 338 1477 hominum
355 1423 475 1492 genitam
493 1422 606 1491 prolem,
624 1423 662 1476 sie
680 1422 797 1490 denique
814 1426 904 1477 mutas

142 1499 345 1568 squamigerum
360 1498 481 1566 pecudes
499 1502 529 1553 et
546 1515 661 1568 corpora
677 1505 775 1553 cuncta
792 1499 937 1553 volantum.

142 1579 313 1644 quapmpter
329 1575 434 1630 eaelum
451 1574 532 1628 simili
548 1576 654 1630 ratione
670 1575 839 1630 fatendumst

137 1654 301 1720 terramque
312 1656 342 1706 et
354 1651 438 1705 solem
450 1651 541 1705 lunam
553 1667 636 1718 mare,
648 1655 741 1706 cetera
751 1654 823 1721 qune'
834 1657 905 1719 sunt,
952 1667 1000 1707 man

141 1744 198 1781 non
215 1743 275 1782 esse
291 1727 378 1795 unica,
396 1727 445 1783 sed
462 1744 576 1781 numero
592 1727 679 1796 magis
697 1728 872 1795 innunrorali3

143 1802 364 1871 quandoquidem
382 1805 454 1858 vitae
473 1803 606 1872 depactus
623 1804 758 1858 terminus
775 1805 831 1859 alte

62 1910 68 1920 ·
142 1882 203 1934 tam
221 1883 314 1934 manet
331 1878 398 1935 haec
416 1884 446 1934 et
462 1882 519 1934 tam
535 1879 629 1934 nativo
645 1897 759 1949 corpore
776 1883 908 1944 constant,

75 2012 80 2019 ,
141 1972 228 2025 quam
240 1972 327 2024 genus
336 1972 419 2010 omne
430 1956 504 2025 quod
515 1954 559 2010 hie
571 1958 748 2024 generatimst
760 1958 843 2011 rebus
852 1956 999 2011 abundans.

71 2093 76 2100 ¹
180 2033 256 2098 Quae
273 2031 343 2087 bene
359 2033 469 2099 cognita
486 2032 509 2086 si
527 2036 627 2096 teneas,
645 2038 743 2087 natura
760 2034 868 2087 ridetur
954 2048 1000 2086 roeo

141 2107 231 2162 libera
248 2108 376 2162 continuo
389 2107 511 2162 dominis
528 2108 635 2176 privata
653 2109 775 2178 superbis

142 2183 205 2252 ipsa
222 2201 271 2238 sua
287 2201 338 2253 per
355 2199 386 2238 se
403 2189 500 2253 sponte
517 2186 606 2238 omnia
624 2185 666 2238 dis
678 2202 765 2253 ,agere
783 2202 888 2254 expers.

137 2276 208 2320 ,nam
226 2276 276 2329 pro
294 2263 389 2315 saneta
401 2260 488 2315 'deum
506 2262 654 2329 tranquilla
671 2267 784 2332 portora
800 2279 868 2332 pace

144 2353 216 2404 quae
233 2335 369 2405 placidum
387 2337 493 2406 degsmt
509 2354 604 2392 aevom
622 2339 760 2409 vitamque
778 2355 910 2405 serenam,

138 2412 206 2480 quis
218 2429 314 2481 regere
325 2412 450 2468 immensi
462 2430 602 2481 summam,
614 2415 674 2484 quis
686 2416 786 2470 habere
797 2414 927 2484 profundi
954 2429 1001 2468 roae

141 2488 211 2543 indu
229 2505 310 2542 manu
328 2488 431 2547 validas
449 2491 522 2558 potis
539 2494 583 2545 eat
599 2492 774 2546 moderanter
790 2491 918 2560 habenas,

143 2566 205 2631 quis
223 2565 327 2634 pariter
345 2565 433 2621 caelos
451 2567 538 2623 omnis
555 2572 715 2622 convertere
733 2571 763 2622 et
780 2568 866 2622 omnis

140 2641 251 2708 ignibus
268 2641 396 2700 aetheriis
413 2647 503 2705 terras
521 2644 613 2697 suffire
630 2645 734 2709 feracis,

143 2717 268 2771 omnibns
287 2719 347 2774 inve
362 2719 429 2773 loeis
447 2736 507 2774 esse
524 2721 597 2774 omni
615 2724 739 2790 tempore
756 2722 874 2787 praesta,

137 2792 261 2852 nubibus
278 2799 310 2849 ut
327 2796 454 2850 tenebras
471 2796 553 2850 faeiat
570 2797 691 2868 caelique
709 2811 805 2850 serena
956 2811 1002 2850 1100

143 2870 282 2923 concutiat
300 2873 397 2939 sonitu,
415 2875 475 2926 tum
492 2872 605 2925 fulmina
621 2874 714 2931 mittat
732 2875 761 2926 et
778 2871 854 2927 aedis

137 2958 228 3014 ,saepe
245 2954 308 3003 suas
325 2947 463 3002 disturbet
480 2952 510 3002 et
527 2948 561 3002 ia
579 2947 689 3003 deserta
706 2946 837 3007 recedens

145 3021 248 3075 saeviat
265 3038 396 3078 exereens
413 3024 500 3077 telum
518 3021 595 3091 quod
610 3039 692 3090 saepe
709 3026 838 3075 nocentes

145 3098 281 3167 praeterit
298 3099 490 3167 exanimatque
506 3096 633 3162 indignos
650 3098 733 3161 inque
750 3094 904 3146 merentesl

136 3215 164 3289 ⁸8
181 3172 327 3242 Multaque
345 3177 409 3243 post
425 3172 519 3226 mnndi
537 3173 646 3236 tempus
663 3167 782 3234 genitale
799 3165 926 3228 diemque
954 3174 1001 3232 nm
