2190 3398
372 430 401 486 T.
419 427 586 484 LUURETI
605 426 701 483 enm

212 600 298 678 DE
340 599 560 676 RERUM
603 597 869 675 NATURA
960 588 964 593 ⁴

401 801 512 850 LIBER
527 800 690 853 TERTIUS.
748 817 751 823 ’

489 973 592 1002 —0—

110 1115 135 1172 E
151 1110 274 1172 toneliris
285 1116 371 1173 tontis
388 1121 445 1172 tem
463 1119 567 1173 clarum
584 1118 718 1173 extollere
735 1116 830 1172 lumen

110 1193 158 1268 qui
174 1194 280 1264 primus
296 1194 411 1265 potuisti
429 1194 579 1249 inlustrans
595 1193 739 1248 commodo
756 1193 840 1261 vitoe,

11 1300 20 1311 =
110 1275 140 1325 te
157 1287 263 1341 sequor,
282 1286 298 1324 ο
316 1270 416 1326 Graios
432 1272 523 1340 gentis
542 1272 633 1337 decus,
650 1270 734 1338 inque
750 1269 807 1323 tuis
823 1284 898 1324 nune

110 1347 175 1401 ficte
191 1348 294 1418 pedum
311 1365 383 1419 pono
400 1348 502 1418 pressis
520 1346 637 1416 vestigio
654 1346 745 1415 signis,

109 1439 163 1476 non
180 1424 221 1478 ito
238 1424 362 1479 certandi
380 1423 496 1494 cupidus
513 1439 595 1492 quam
612 1426 729 1492 proptor
745 1437 868 1476 amorem
954 1443 967 1482 s

109 1498 184 1567 qnod
202 1504 231 1554 to
248 1500 350 1555 imitari
368 1516 449 1566 nve03
467 1499 534 1568 quid
551 1499 624 1552 enim
642 1498 793 1552 contendat
809 1497 931 1552 himndo

110 1575 207 1643 cycnis,
226 1581 275 1631 snt
293 1576 360 1645 qnid
377 1593 440 1629 nom
457 1575 583 1629 tremulis
600 1574 692 1629 faeere
708 1574 824 1629 ortubus
841 1573 926 1639 hoedi

109 1651 247 1705 consimile
264 1652 293 1706 in
310 1668 392 1706 eursu
409 1652 515 1723 possint
533 1654 562 1706 et
579 1651 659 1705 sortis
676 1651 739 1720 equi
757 1651 815 1705 vis'l

109 1735 147 1794 tu,
165 1731 252 1797 pater,
270 1745 300 1782 es
317 1745 409 1783 rerum
427 1730 560 1797 inventor,
579 1728 719 1798 lupatria
736 1727 816 1782 nobis

109 1803 270 1873 suppeditas
286 1809 444 1875 praecepto,
461 1806 571 1874 tuisque
588 1822 631 1873 ex,
649 1804 758 1871 inclute,
775 1803 887 1872 chortis,
941 1816 965 1858 ro

110 1878 234 1934 floriferis
251 1883 284 1935 ut
300 1896 367 1950 apes
384 1881 413 1934 in
431 1881 545 1936 saltibus
563 1882 655 1934 omnio
671 1881 768 1950 libant,
1006 1875 1012 1907 ³

108 1954 199 2010 ornnio
215 1973 264 2010 nos
282 1955 378 2011 itidem
396 1957 570 2027 deposcimur
587 1974 670 2036 augea
687 1957 770 2024 dioto,

109 2049 198 2103 nureo,
216 2037 350 2104 perpetuo
368 2049 477 2103 semper
495 2034 655 2102 dignissima
671 2033 736 2089 rito

109 2126 171 2164 nam
189 2110 268 2164 simul
285 2127 318 2165 se
335 2111 407 2165 ratio
423 2115 473 2165 tuo
490 2110 582 2179 eoepit
599 2109 742 2165 vociferari

108 2190 234 2241 naturam
252 2203 352 2255 rerum,
371 2186 463 2241 divino
480 2191 573 2241 mente
590 2192 692 2255 coorto,

107 2262 253 2333 diffugiunt
270 2264 354 2317 animi
371 2266 501 2332 terrores,
518 2262 626 2318 moenia
643 2261 738 2316 mnndi

107 2338 262 2407 discedunt,
279 2343 369 2394 tetum
388 2339 468 2394 video
485 2355 537 2409 per
555 2339 635 2394 inane
653 2339 712 2407 geri
730 2355 783 2393 res.

76 2419 225 2486 sapparet
243 2415 335 2470 divum
354 2432 454 2470 numen
472 2416 608 2485 sedesque
626 2417 736 2484 qnietno

106 2510 174 2560 quos
190 2508 279 2561 nequo
297 2493 455 2547 concutiunt
472 2493 548 2547 venti
567 2508 618 2547 nee
636 2491 730 2545 nubilo
746 2489 847 2545 nimbis

105 2573 257 2639 aspergunt
274 2585 362 2638 nequo
380 2568 427 2622 nix
444 2569 502 2622 scri
519 2572 648 2623 concreto
664 2568 763 2637 pruina

105 2662 173 2700 enno
189 2645 291 2702 cadens
308 2647 392 2701 violat
410 2645 729 2736 semperQinnnbilus
746 2644 843 2699 esther

105 2722 212 2790 integit,
232 2728 262 2778 et
279 2722 355 2791 large
373 2722 471 2776 diffuso
489 2723 591 2776 lnmme
608 2721 707 2776 rident.

104 2799 194 2849 omnin
212 2799 373 2867 suppeditet
391 2815 473 2868 porro
490 2804 588 2852 natura
605 2815 695 2863 neque
712 2797 769 2851 ulle

103 2885 148 2920 res
166 2870 248 2923 animi
266 2889 361 2938 paoem
380 2873 485 2926 delibat
503 2877 628 2941 ternpore
646 2874 674 2925 in
692 2873 753 2926 nllo.

103 2945 135 2993 nt
151 2947 246 2994 contro
263 2961 395 3012 nusquam
412 2953 549 3016 apparent
567 2948 720 3001 Acherusio
737 2948 842 3018 templo
934 2964 961 3003 so

102 3014 253 3066 neettellus
271 3017 364 3072 obstat
381 3022 446 3087 quin
465 3024 556 3076 omnia
573 3023 764 3090 dispiciantur,

103 3084 154 3136 snb
171 3086 287 3152 podibus
305 3107 491 3161 quaecumque
509 3098 582 3150 infra
598 3113 649 3165 per
666 3096 746 3149 inane
763 3101 905 3164 geruntur.

102 3155 146 3207 his
162 3157 200 3209 ibi
218 3174 262 3212 me
280 3164 362 3216 rebns
379 3169 512 3231 quaedam
531 3171 625 3224 divino
643 3172 768 3240 voluptas
