2190 3398
529 102 602 161 IIII
947 102 985 162 97

80 241 113 272 „a
127 216 219 281 atque
236 208 370 279 patefecit
388 223 456 277 quas
474 209 538 261 aute
556 207 703 261 obsederat
718 224 768 262 aer
953 222 991 262 sss

128 295 201 353 ater,
221 286 461 341 continuorerum
478 282 623 339 simulacra
641 287 773 338 secuntur

128 381 202 434 quae
221 361 277 416 sita
296 360 406 415 suntin
424 359 492 428 luce,
511 360 703 429 lacessuntque
720 363 752 414 ut
769 359 918 417 rideamus.

79 461 113 494 sn
128 441 208 512 quod
226 440 324 493 contra
344 437 434 491 facero
452 437 478 490 in
498 437 621 491 tenebris
639 455 655 491 o
672 437 733 491 lucc
751 438 894 507 nequimus

128 522 281 590 propterea
301 514 365 584 quia
384 513 519 583 posterior
539 514 661 582 caliginis
678 532 726 569 aer

127 596 249 650 'crassior
267 591 422 658 insequitur·
440 592 487 662 qui
506 594 605 645 cuncta
622 591 754 646 foramina
771 591 892 662 complet
952 608 989 646 sao

128 672 291 740 obsiditque
308 668 372 724 vias.
386 669 532 737 oculorum‚
549 686 585 722 ne
603 667 746 723 simulacra

128 749 239 820 possint
256 747 375 801 ullarum
393 763 485 800 reruni
503 746 627 800 coniecta
643 761 760 799 movere.

130 826 339 895 quadratasque
357 822 452 892 procul
471 825 555 875 turris
573 838 635 875 curn
654 822 790 875 cernimus
807 821 889 889 urbis,

130 905 282 972 propteroa
303 901 335 954 iit
352 899 393 953 uti
412 899 558 971 videantur
577 915 658 968 saepe
676 897 819 966 rotundae,

130 979 249 1046 arigulns
267 981 381 1047 optusus
392 978 463 1046 ¹quia
481 975 561 1044 longe
580 975 702 1029 cernitur
719 976 807 1029 omnis
950 994 986 1030 aas

131 1055 190 1108 sive
209 1054 293 1107 etiarn
313 1054 405 1123 potius
423 1069 477 1106 uon
497 1052 620 1106 cernitur
637 1069 669 1106 ac
686 1052 760 1122 perit
778 1052 837 1107 eius

132 1130 214 1200 plaga
232 1146 282 1184 nco
299 1129 335 1183 ad
352 1132 461 1183 nostras
480 1129 551 1183 acics
572 1127 722 1198 perlabitur
740 1128 817 1193 ictus,

132 1224 197 1261 aera
214 1224 265 1277 per
285 1207 400 1264 multum
420 1206 485 1275 quia
504 1205 569 1261 dnm
591 1205 735 1260 simulacra
751 1206 884 1275 feruntur,
980 1260 982 1263 ,

132 1285 207 1352 cogit
226 1283 371 1338 hebescere
390 1299 453 1337 euin
471 1281 575 1337 crebris
593 1280 739 1336 offensibus
757 1299 810 1336 aer.

132 1358 185 1414 hoc
202 1359 249 1413 ubi
270 1360 381 1428 suffugit
399 1375 508 1413 sensum
527 1359 606 1413 simul
625 1359 739 1427 angadus
757 1360 851 1428 omnis,
950 1377 986 1415 nor

133 1436 166 1492 nt
183 1437 261 1504 quasi
279 1439 311 1489 ut
329 1436 365 1489 ad
383 1440 492 1491 tornum
512 1451 639 1496 saxorum
658 1438 764 1489 structa
782 1438 898 1492 tuemur.

132 1528 186 1566 uon
205 1519 297 1566 tamen
316 1516 347 1566 ut
366 1529 456 1583 coram
475 1510 545 1579 quae
564 1512 628 1565 sunt
645 1529 763 1581 vereque
781 1513 907 1575 rutunda
945 1530 951 1540 ·

134 1588 184 1642 scd
200 1589 277 1657 quasi
297 1588 480 1647 adumbratim
499 1588 611 1658 paulum
628 1587 755 1643 simulata
773 1588 937 1663 videntur.)

133 1664 231 1718 umbra
249 1666 358 1720 videtur
376 1664 443 1718 item
460 1664 539 1719 nobis
557 1665 585 1719 in
602 1665 659 1719 sole
676 1664 778 1719 moveri

49 1772 101 1839 ψ,
124 1744 163 1813 ¹ot
181 1741 297 1810 vestigia
314 1745 407 1797 nostra
422 1742 504 1811 ‘sequi
521 1746 685 1812 gestumque
702 1740 820 1807 imitari;
949 1760 986 1798 sos

86 1868 102 1917 l
132 1818 730 1964 iddamdedieffitffildbtdddufflngddtupdffie
748 1899 914 1965 sequentem.

133 1986 197 2023 nam
214 1970 252 2023 nil
271 1988 330 2026 esse
348 1976 443 2042 potest
461 1972 529 2025 aliut
548 1971 599 2025 nisi
617 1971 719 2025 lumine
736 1989 829 2026 cassus

132 2062 180 2100 aer
197 2046 226 2099 id
245 2048 320 2115 quod
338 2065 387 2102 nos
405 2048 529 2102 umbram
547 2047 692 2118 perhibere
711 2053 826 2102 suimus.

132 2121 261 2175 nimirum
279 2124 343 2193 quia
360 2128 436 2188 ten-a
453 2124 519 2177 locis
538 2141 572 2176 ex
591 2122 687 2176 ordine
705 2123 787 2176 certis
947 2138 984 2179 stt

72 2222 102 2276 Ψ
132 2196 235 2252 lumine
253 2201 377 2270 privatur
395 2200 460 2254 solis
478 2216 648 2269 quacumque
667 2202 790 2252 meantes

133 2273 272 2343 afficimus,
292 2277 414 2345 repletur
431 2277 499 2331 item
518 2276 590 2345 quod
610 2275 736 2343 liquimus
754 2275 819 2342 eius,

133 2355 280 2420 propterca
298 2352 330 2407 dt
347 2353 389 2406 uti
407 2353 540 2420 videatur,
557 2369 628 2422 quae
645 2351 697 2405 fuit
714 2351 811 2405 umbra

84 2450 118 2497 γ.
133 2428 259 2496 corporis,
276 2446 294 2482 e
311 2430 421 2497 regione
439 2430 536 2484 eadem
555 2446 604 2483 nos
622 2445 709 2498 usquo
727 2432 827 2482 secuta.

133 2518 241 2572 scnrpcr
259 2507 329 2573 eninr
348 2523 417 2560 nova
434 2523 465 2560 se
484 2505 621 2560 radiorum
639 2504 741 2558 lumina
759 2503 878 2557 fundunt
947 2519 983 2559 355

132 2579 274 2650 primaque
293 2582 461 2652 dispereunt,
481 2582 559 2653 quasi
577 2582 605 2636 in
624 2582 715 2650 ignem
733 2580 796 2633 lana
813 2579 947 2633 trahatur.

66 2650 82 2703 J
133 2661 279 2724 propterca
296 2658 375 2725 iacile
394 2664 422 2714 et
441 2660 573 2730 spoliatur
591 2657 692 2712 lumine
710 2661 786 2711 terra
933 2727 935 2732 Ι

134 2733 163 2784 ct
179 2733 303 2802 repletur
320 2736 387 2799 item
406 2736 552 2804 pignusque
571 2734 622 2790 sibi
641 2734 728 2788 abluit
744 2731 863 2786 umbras.

167 2807 192 2860 N
195 2825 226 2861 ec
244 2812 336 2877 tamen
348 2810 401 2875 <hic
416 2813 508 2867 oculos
524 2811 582 2866 falli
601 2810 774 2867 concedimus
791 2807 884 2862 hilum.

134 2899 195 2937 naui
214 2902 383 2955 quocumque
401 2888 461 2943 loco
479 2889 515 2943 sit
533 2887 580 2942 lux
598 2893 681 2957 atque
698 2886 795 2940 umbra
812 2885 885 2938 tueri
945 2898 982 2938 aso

133 2958 240 3013 illorum
257 2969 307 3016 est
325 2963 423 3019 eadam
440 2981 505 3019 vero
523 2963 578 3017 sint
596 2963 699 3016 lumina
716 2978 809 3026 necne,

134 3034 283 3105 umbraque
301 3055 372 3108 quae
388 3040 442 3094 fuit
459 3039 502 3092 lric
521 3038 617 3091 cadem
635 3052 706 3097 nunc
724 3038 847 3088 transeat
864 3033 936 3097 illuc,
958 3080 962 3093 ,

135 3128 168 3165 an
186 3113 277 3182 potius
295 3114 344 3167 fiat
361 3114 442 3183 paulo
459 3112 535 3181 quod
552 3112 670 3164 diximus
688 3113 759 3172 ante,

135 3189 184 3243 lroc
201 3191 285 3243 animi
303 3190 414 3244 demum
432 3188 502 3239 ratio
520 3185 676 3237 discernere
694 3181 785 3242 debet,

136 3267 161 3311 11
