2176 3404
74 38 137 97 170·
477 32 525 88 VI

69 139 172 195 vertiee
190 139 226 193 de
243 137 346 193 montis
362 137 509 191 videantur
525 152 638 212 surgere
655 137 684 191 in
701 138 833 192 aethram,

68 233 132 271 uam
149 215 210 270 loea
227 215 350 270 declarat
367 230 475 266 sursum
492 216 606 266 ventosa
622 217 719 283 patere

68 310 113 348 res
130 292 191 362 ipsa
210 296 239 347 et
257 307 360 358 sensus,
378 290 479 344 montis
496 306 558 344 eum
576 290 748 346 ascendimus
765 293 843 347 altos.

67 373 213 440 praeterea
229 366 367 438 permulta
385 367 454 420 mari
471 382 581 435 qnoque
598 367 696 422 tollere
712 373 773 424 toto
888 382 929 424 sro

67 462 184 516 corpora
200 448 328 499 naturam
347 443 489 497 declarant
507 443 588 497 litore
605 448 697 499 vestes

68 539 224 592 suspensae,
243 539 305 576 oum
322 519 479 589 concipiunt
496 520 600 574 umoris
617 520 774 576 adhaesum.

68 616 123 668 qno
142 600 228 668 magis
246 598 283 652 ad
301 596 381 650 nubis
400 596 540 665 augendas
559 597 647 652 multa
663 598 792 652 videntur

67 692 148 744 posse
167 691 277 745 quoque
296 691 312 729 e
329 674 400 728 salso
420 689 587 742 consurgere
606 675 725 728 momine
741 675 835 744 ponti3

68 768 132 806 nam
150 751 221 805 ratio
239 750 466 818 consanguineast
483 750 625 804 umoribus
643 751 708 806 ollis.
889 763 929 806 475

68 833 213 898 praeterea
230 826 319 880 fluviis
337 843 371 881 ex
389 825 515 880 omnibus
533 826 661 895 etesimul
678 828 738 895 ipsa

69 921 182 974 surgere
200 904 236 958 de
254 908 330 958 terra
347 902 461 956 nebulas
480 908 642 972 aestumque
659 904 790 970 videmus,

69 999 140 1051 qnae
157 981 234 1035 velut
250 979 351 1034 halitus
368 979 432 1033 hine
449 979 490 1033 ita
507 996 616 1033 sursum
633 995 764 1049 expressa
780 979 909 1034 feruntur

69 1058 285 1125 suffunduntque
303 1072 352 1109 sua
368 1055 474 1110 eaelum
492 1055 609 1123 ealigine
626 1058 656 1110 et
672 1055 743 1109 altas

69 1134 206 1188 sufficiunt
223 1132 303 1186 nubis
319 1131 453 1200 paulatim
470 1131 666 1187 eonveniundo.
888 1148 928 1186 see

68 1216 152 1279 urget
170 1211 242 1264 enim
261 1225 371 1278 quoque
390 1208 512 1276 signiferi
530 1225 613 1278 super
631 1208 751 1263 aetheris
767 1212 862 1263 aestus

69 1290 99 1341 et
117 1288 194 1356 quasi
213 1286 353 1340 densendo
371 1285 494 1339 subtexit
511 1286 620 1341 eaenila
637 1285 743 1339 nimbis.

69 1364 102 1417 fit
120 1381 229 1433 quoque
247 1366 279 1416 ut
296 1363 351 1416 hue
368 1363 479 1417 veniant
496 1362 525 1414 in
543 1363 647 1416 eaelum
665 1364 834 1418 extrinsecus
845 1364 898 1418 illa

69 1457 183 1509 corpora
201 1456 272 1507 quae
291 1438 395 1492 faciunt
411 1439 493 1492 nubis
512 1438 672 1508 nimbosque
688 1439 812 1495 volantis.

68 1515 294 1569 innumerabilem
304 1515 375 1568 enim
385 1531 528 1569 numerum
538 1530 728 1584 summamque
736 1516 866 1585 profundi
887 1532 928 1571 485

69 1609 129 1645 esse
146 1591 280 1644 infinitam
299 1590 387 1658 docui,
406 1593 563 1659 quantaque
582 1591 706 1646 volarent

68 1683 183 1734 corpora
200 1666 354 1720 mobilitate
373 1667 482 1721 ostendi
500 1683 639 1736 quamque
656 1671 771 1735 repente

69 1742 276 1797 inmemorabile
289 1759 346 1811 per
365 1743 485 1812 spatium
503 1743 621 1797 transire
639 1744 766 1799 solerent.

68 1820 137 1874 haut
155 1819 240 1887 igitur
258 1820 387 1873 mirumst
405 1819 428 1872 si
447 1836 531 1889 parvo
550 1822 676 1888 tempore
693 1837 775 1890 saepe

69 1900 127 1952 tam
143 1896 248 1964 magnis
266 1894 366 1949 nimbis
383 1899 535 1965 tempestas
553 1899 638 1966 atque
655 1898 787 1952 tenebrae
888 1913 928 1953 seo

69 1974 211 2042 reperiunt
227 1971 314 2026 maria
333 1989 364 2026 ae
383 1975 473 2026 terras
491 1973 605 2041 inpensa
623 1990 747 2043 superne,

69 2050 191 2118 undique
211 2048 432 2116 quandoquidem
449 2065 500 2118 per
518 2049 611 2104 eaulas
629 2050 750 2105 aetheris
767 2051 856 2106 omnis

70 2131 99 2181 ot
117 2126 196 2196 quasi
212 2143 264 2194 per
281 2125 373 2192 magni
392 2125 494 2179 circum
514 2125 648 2195 spiracula
664 2128 760 2180 mundi

70 2205 160 2258 exitus
177 2203 362 2271 introitusque
381 2202 523 2263 elementis
541 2201 668 2256 redditus
685 2207 771 2257 extat.
839 2226 844 2234 ⁴

105 2280 186 2333 Nune
203 2295 261 2347 age,
280 2295 334 2346 quo
351 2282 433 2346 paeto
450 2279 558 2346 plurim
576 2284 733 2335 conereseat
749 2281 777 2334 in
795 2281 858 2335 altis
889 2296 927 2337 ses

69 2356 188 2416 nubibus
205 2371 285 2408 umor
302 2359 332 2408 et
349 2354 377 2407 in
395 2359 484 2409 terras
503 2355 638 2410 demissus
654 2360 687 2410 ut
705 2356 793 2410 imber

70 2433 188 2500 decidat,
206 2431 358 2501 expediam.
376 2432 494 2500 primum
513 2432 568 2485 iam
586 2433 787 2503 seminaaquai

70 2509 158 2562 nnilta
175 2507 255 2561 simul
273 2507 379 2562 vineam
397 2525 560 2578 consurgere
578 2508 696 2562 nubibus
713 2509 785 2578 ipsis.
853 2501 857 2506 ’

70 2585 195 2639 omnibus
213 2601 248 2639 ex
265 2584 348 2638 robus
365 2586 525 2654 pariterque
542 2587 583 2640 ita
599 2603 724 2641 erescere
740 2591 897 2656 utrumque,

70 2665 99 2715 et
111 2661 192 2715 nubis
204 2664 233 2715 et
244 2677 345 2730 aquam
357 2678 543 2731 quaecumque
555 2663 583 2716 in
595 2662 714 2723 nubibus
726 2667 811 2732 extat,
888 2679 926 2729 teo

70 2740 102 2787 ut
118 2738 224 2803 pariter
241 2735 320 2787 nobis
339 2752 438 2805 eorpus
457 2755 519 2792 eum
538 2743 669 2809 sanguina
686 2741 792 2807 erescit,

70 2810 154 2861 sudor
163 2811 231 2862 item
241 2814 326 2878 atque
335 2827 415 2865 umor
424 2816 588 2884 quicumque
598 2821 641 2870 est
650 2817 768 2887 denique
776 2816 916 2873 nenena

70 2882 224 2947 concipiunt
243 2884 327 2937 etiam
345 2886 463 2941 multum
481 2906 590 2959 quoque
608 2908 690 2961 saepe
706 2894 842 2947 marinum

69 2966 200 3019 umorem,
218 2956 304 3009 veluti
321 2960 472 3026 pendentia
490 2966 591 3021 vellera
608 2968 694 3038 lanae,

69 3036 247 3111 eum-supera
264 3045 392 3114 magnum
409 3051 485 3091 mare
502 3042 578 3094 venti
595 3044 690 3099 nubila
707 3049 825 3114 portant
888 3060 926 3103 tte

70 3098 201 3148 conslmlll
218 3105 324 3154 ratione
342 3121 376 3156 ex
394 3111 519 3165 omnibus
537 3119 663 3174 amnibus
680 3138 760 3175 umor
793 3101 811 3132 s

16 3222 81 3328 k
