2138 3404
95 101 134 161 12
511 112 529 153 1

93 204 119 260 si
134 202 239 258 nullum
255 202 336 270 foret,
353 201 423 258 hunt
439 216 557 271 usquein
573 199 630 257 sits
644 215 759 270 empore
775 201 892 271 possent

94 297 156 336 esse
172 295 264 351 neque
281 279 390 334 omniuo
406 293 544 349 quoquam
561 277 672 333 diverse
688 294 797 344 meare3

93 357 124 412 id
141 357 217 428 quud
234 357 289 411 ium
307 372 407 426 supere
423 355 477 410 tibi
493 354 575 425 psulo
592 354 764 409 ostendimus
781 358 856 409 ante.

93 438 240 504 praeterea
257 436 295 489 nii
313 439 357 489 est
374 432 455 503 quod
465 432 554 502 possis
570 430 664 487 dicere
681 431 718 486 ab
734 432 808 485 omui
914 447 955 487 esu

93 527 208 580 empore
226 511 380 566 seiunctum
398 513 590 577 secretumque
607 524 669 563 esse
685 508 748 562 sb
740 509 822 574 muni,

94 586 169 656 qued
186 588 265 657 quasi
283 587 368 642 tertis
385 586 422 640 sit
438 601 553 640 numero
571 587 670 639 nutura
687 589 806 654 repertu.

93 680 157 718 uem
169 662 360 732 quodcumque
371 663 433 730 erit,
446 678 507 717 esse
519 660 624 729 aliquid
635 660 749 716 debebit
760 661 810 715 id
801 677 909 731 ipsum3

40 755 73 788 sss
94 739 138 793 uui
156 740 180 793 si
197 743 255 793 teet
255 755 288 793 us
305 738 359 793 erit
375 738 503 808 quemvis
519 738 587 795 levis
604 737 781 807 exiguusque,

40 829 74 862 su
95 815 223 904 augmine
240 815 283 869 vel
300 814 398 883 grandi
415 814 459 869 uei
476 830 562 884 pesve
579 813 705 884 denique,
723 815 790 868 dum
808 815 874 883 sit,
914 832 954 870 uss
1063 804 1064 867 i

95 892 216 960 conponis
233 891 346 961 augebit
363 907 508 946 numerum
526 907 715 960 summamque
733 897 873 962 sequetur.
1063 904 1064 953 ι

95 967 136 1021 sin
154 968 277 1023 intactile
294 967 357 1035 erit,
374 966 450 1021 nullu
466 967 503 1021 de
519 970 601 1037 purte
618 967 694 1037 quod
710 969 795 1023 ulium

95 1059 154 1097 rem
171 1043 317 1112 prohibere
334 1047 419 1112 quest
435 1059 487 1112 per
504 1060 534 1098 se
550 1044 669 1099 transire
686 1049 831 1114 meantem,

95 1120 199 1175 scilieet
215 1120 267 1174 huc
284 1120 315 1174 id
332 1119 394 1188 erit,
412 1136 527 1175 vueuum
546 1120 621 1189 quod
638 1121 720 1176 iueue
737 1139 872 1177 vocemus

93 1200 238 1266 praeterea
255 1213 306 1267 per
324 1213 354 1251 se
372 1196 564 1266 quodcumque
582 1196 644 1267 erit,
662 1200 712 1252 aut
728 1199 811 1254 saciet
828 1200 897 1269 quid
914 1215 955 1255 sss

94 1277 144 1328 sut
161 1273 221 1327 sliis
238 1274 315 1343 fungi
333 1271 448 1329 debebit
464 1273 612 1341 egentibus
628 1274 718 1343 ipsum

94 1355 143 1405 eut
160 1352 216 1406 erit
233 1355 266 1409 ut
283 1351 389 1418 possint
404 1350 435 1404 iu
452 1366 548 1404 eures
566 1366 627 1404 esse
644 1351 764 1420 gerique.

94 1429 124 1481 at
142 1427 232 1483 faeere
250 1431 280 1482 et
296 1427 374 1495 fungi
391 1426 450 1481 sine
467 1441 581 1494 eoi-pore
597 1426 672 1480 nullu
688 1432 782 1496 potest
799 1445 846 1483 res

94 1519 146 1557 nee
162 1503 297 1571 praebere
313 1503 402 1557 lecum
419 1519 502 1572 perro
520 1503 572 1557 nisi
588 1502 668 1557 inane
685 1520 846 1573 saeuusque.

95 1595 163 1647 ergo
179 1587 291 1648 praeter
307 1580 387 1633 inane
404 1583 434 1634 et
450 1594 567 1647 eorpora
583 1579 668 1634 tertie
684 1596 736 1648 per
752 1597 783 1634 se
913 1595 954 1638 sss

95 1654 170 1708 nulla
187 1658 281 1724 potest
299 1671 391 1709 rerum
408 1656 437 1708 in
453 1671 567 1711 numeru
584 1658 683 1709 nutura
699 1655 825 1726 relinqui,

95 1747 147 1786 nee
164 1747 235 1798 quse
254 1729 305 1784 sub
323 1746 419 1785 sensus
436 1730 518 1786 cadet
536 1731 591 1785 ullo
608 1735 733 1801 tempure
750 1738 860 1789 nostros

95 1823 146 1861 nee
163 1807 271 1861 ratione
289 1806 373 1860 enimi
390 1823 473 1876 quum
491 1807 637 1876 quisquam
653 1809 742 1877 possit
758 1810 850 1878 apisci

130 1882 203 1936 Num
220 1899 408 1973 quaecumque
425 1883 525 1947 cluent,
544 1888 592 1938 aut
609 1884 653 1938 his
669 1886 813 1941 coniuncte
830 1887 940 1943 duabus

95 1959 179 2014 rebus
197 1975 230 2013 ee
246 1959 368 2013 invenies
385 1965 434 2014 aut
452 1959 548 2015 horum
567 1965 667 2015 eventu
683 1961 797 2017 videbis
807 2005 837 2053 ,¹
914 1981 954 2020 ssu

95 2036 268 2090 coniunctum
285 2040 329 2091 est
345 2036 375 2090 id
393 2035 467 2105 quod
483 2053 618 2106 nusquam
636 2038 694 2093 siue
704 2040 851 2129 'perniciei

96 2113 210 2167 discidio
227 2113 300 2181 potis
317 2116 361 2167 est
378 2113 483 2182 seiungi
501 2130 515 2166 s
550 2130 586 2167 ue
688 2116 719 2185 ri,

95 2190 202 2260 pondus
219 2190 260 2244 uti
279 2189 372 2258 sexist,
389 2189 488 2244 eulor
480 2190 559 2258 iguis,
577 2190 666 2260 liquor
683 2193 770 2261 uquai

95 2282 186 2317 umus
195 2283 343 2318 commus
352 2282 453 2316 CUNOE'IS
462 2283 581 2316 mutuus
590 2284 663 2318 ntum

96 2340 236 2394 servitium
255 2343 350 2393 contra
366 2342 515 2407 paupertas
532 2338 708 2410 divitiaeque,
914 2359 953 2400 ms

95 2415 209 2470 libertus
226 2415 328 2470 beilum
346 2414 498 2482 euincerdiu,
516 2418 610 2469 cetera
627 2432 743 2484 quorum

37 2539 41 2547 ,
95 2492 217 2546 adventu
235 2495 328 2546 manet
346 2492 488 2545 incolumis
506 2496 606 2546 natiue
623 2492 764 2563 abituque,

95 2568 162 2624 haee
180 2569 252 2623 soliti
271 2585 371 2636 sumus,
389 2572 421 2622 ut
439 2585 489 2636 pur
506 2573 557 2637 est,
575 2574 675 2625 events
691 2588 796 2626 vocure.

95 2649 205 2715 tempus
223 2646 291 2700 item
307 2662 358 2714 per
376 2661 406 2699 se
423 2662 475 2700 non
495 2649 546 2713 est,
564 2645 615 2700 sed
632 2646 715 2702 rebus
732 2648 768 2701 ab
785 2648 853 2718 ipsis
934 2662 937 2667 ‘

95 2723 271 2791 consequitur
289 2738 392 2787 sensus,
410 2725 580 2778 transactum
599 2724 667 2793 quid
685 2725 766 2778 sitin
784 2742 859 2792 sevo,
913 2740 954 2783 ιω

95 2803 156 2852 tum
174 2816 246 2867 quse
263 2816 308 2854 res
325 2800 419 2867 instet,
437 2800 505 2869 quid
521 2816 604 2869 porro
623 2800 724 2855 deinde
741 2807 881 2870 sequntur.

96 2890 146 2926 nec
163 2890 214 2940 per
231 2890 261 2926 se
279 2891 445 2943 quemquam
463 2878 574 2945 tempus
591 2877 694 2930 sentire
711 2878 882 2934 fatendumst

97 2951 233 3000 semotum
250 2948 285 3000 ub
303 2965 395 3002 rerum
412 2954 490 3005 motu
507 2952 670 3020 placidaque
689 2954 788 3022 quiete

6 3032 8 3041 ²
97 3021 216 3089 denique
235 3022 417 3089 Tyndaridem
436 3031 545 3093 mptum
562 3026 690 3096 belloque
709 3030 836 3087 subustus

7 3160 9 3169 .
98 3095 266 3163 Troiugenas
282 3097 375 3162 gentis
393 3115 455 3153 uum
473 3100 569 3165 dieunt
586 3119 655 3168 esse,
673 3104 850 3160 videndumst
917 3120 959 3164 set

7 3178 9 3227 ξ
97 3183 134 3222 ue
150 3170 222 3225 forte
238 3171 307 3224 haec
323 3188 374 3240 per
391 3188 422 3226 se
439 3179 539 3241 cogunt
557 3192 607 3228 nus
624 3193 684 3231 essu
702 3179 792 3248 fateri,
949 3171 979 3206 “’
