2176 3404
97 87 154 145 130
499 85 530 141 V

93 205 181 257 causa,
200 188 300 243 darent
316 188 374 243 late
390 188 497 243 cladem
514 204 681 258 magnasque
699 186 798 244 minas.

91 280 141 319 nee
159 264 266 319 ratione
283 264 337 318 alia
354 263 485 317 mortales
503 280 564 317 esse
581 264 714 333 videmur,

91 341 165 395 inter
182 357 231 394 nos
249 340 299 394 nisi
318 340 393 409 quod
410 339 514 394 morbis
531 340 714 408 aegrescimus
731 338 819 394 isdem

91 419 176 485 etque
194 417 233 471 illi
252 433 321 485 quos
338 432 356 470 a
373 416 431 470 vita
447 419 546 470 natura
563 416 687 471 removit.
907 434 949 473 aso

128 492 276 547 Praeterea
293 507 481 562 quaecumque
498 495 611 546 manent
628 497 741 548 aeterna
757 497 903 550 necessust

91 570 148 636 aut,
167 568 232 638 quia
249 572 314 622 sunt
332 568 419 621 solido
436 583 499 621 cum
517 584 639 636 corpore,
657 584 787 638 respuere
803 571 877 624 ictus

91 660 142 698 nec
159 646 306 713 penetrare
323 645 382 713 pati
399 643 451 697 sibi
469 643 615 713 quicquam
633 645 709 713 quod
725 649 810 715 queat
827 651 905 702 artas

91 719 238 775 dissociare
255 719 332 783 intus
348 720 443 789 partis,
459 725 493 773 nt
510 719 637 774 materiai

91 811 205 863 corpora
223 798 287 849 sunt
303 812 420 865 quorum
438 799 565 849 natiuam
583 796 754 852 ostendimus
770 801 844 867 ante,
906 814 945 854 sss

90 870 219 925 antideo
237 870 338 925 durare
355 875 476 926 aetatem
493 888 573 940 posse
590 888 641 942 per
658 888 774 943 ornnem,

90 946 232 1015 plagarum
250 947 316 1015 quia
333 956 398 1001 suut
415 949 547 1016 expertia,
566 948 637 1002 sieut
654 949 734 1004 inane
751 952 796 1004 est

91 1022 165 1092 quod
182 1028 275 1077 manet
292 1024 425 1078 intactum
443 1040 532 1092 neque
549 1024 585 1078 ab
601 1024 660 1079 ictu
677 1026 800 1094 iungitur
816 1027 913 1098 hilum,

90 1102 139 1153 aut
156 1098 241 1153 etiam
258 1100 323 1169 quia
340 1099 414 1153 nulla
430 1100 484 1153 loci
500 1101 534 1154 fit
551 1101 629 1169 eopia
645 1102 755 1170 circum,

91 1191 145 1244 qno
162 1176 241 1244 quasi
257 1192 303 1231 res
320 1176 426 1245 possint
444 1176 586 1230 discedere
605 1177 779 1248 dissoluique,
905 1192 943 1237 sm

91 1251 162 1306 sicut
180 1268 348 1306 summarum
366 1268 471 1304 summa
488 1256 531 1306 est
549 1255 669 1307 aeterna
679 1270 769 1323 neque
786 1258 867 1309 extra

91 1327 139 1394 qui
156 1327 231 1382 locus
248 1333 293 1382 est
310 1343 364 1397 quo
382 1327 518 1382 dissiliant
532 1345 625 1397 neque
643 1346 757 1399 corpora
775 1334 840 1384 sunt
851 1348 925 1401 quac

92 1403 199 1472 possint
216 1404 335 1458 incidere
353 1407 383 1458 et
400 1403 491 1457 salida
508 1404 657 1460 dissolvere
674 1406 761 1475 plaga

91 1483 121 1533 at
139 1496 236 1549 neque,
258 1481 300 1536 uti
318 1481 405 1547 docui,
423 1480 509 1534 solido
527 1497 589 1535 cum
607 1498 721 1551 corporo
738 1482 833 1536 mundi

90 1559 222 1625 naturast,
240 1558 366 1625 quoniam
384 1556 564 1612 admixtumst
581 1558 609 1610 in
627 1558 710 1612 rebus
727 1559 814 1623 inuno,
904 1576 942 1615 ese

91 1648 142 1685 nee
159 1635 252 1687 tamen
270 1637 314 1686 est
331 1637 364 1687 ut
381 1632 467 1698 inane,
484 1650 573 1702 neque
590 1637 683 1688 autom
700 1651 814 1703 corporo
831 1634 941 1705 dosunt,

91 1724 126 1761 on
143 1708 249 1761 infinito
268 1725 338 1777 quae
355 1709 461 1777 possint
477 1710 549 1763 forte
566 1714 659 1764 coorta

89 1799 217 1837 corruere
234 1784 304 1838 hane
321 1801 413 1838 rerum
430 1785 551 1839 violento
569 1786 678 1839 turbine
695 1802 828 1841 summam

90 1863 138 1914 aut
155 1858 235 1912 aliam
254 1860 377 1927 quamvis
395 1860 502 1915 cladem'
520 1861 660 1931 inportare
678 1862 779 1932 pericli,

91 1951 140 1989 nec
156 1950 238 2004 p0rro
256 1938 354 1989 natura
371 1936 423 1991 loci
442 1937 619 2007 spatiumque
636 1939 765 2008 profundi
901 1954 940 1996 ³70

89 2011 189 2076 deficit,
207 2012 334 2081 exspargi
352 2028 407 2081 qno
424 2014 531 2082 possint
547 2016 656 2068 moenia
672 2016 775 2084 mundi,

88 2091 137 2142 aut
154 2088 206 2142 alia
222 2088 318 2156 quavis
336 2092 450 2157 possunt
467 2089 495 2144 vi
512 2090 592 2159 pulsa
609 2091 707 2160 perire.

88 2163 157 2219 haut
173 2163 259 2232 igitur
277 2164 326 2218 leti
345 2166 489 2235 praeclusa
506 2169 550 2220 est
566 2166 649 2220 ianua
666 2167 741 2222 caelo

89 2256 140 2295 nec
158 2240 207 2293 soli
226 2244 370 2310 terraeque
388 2258 478 2311 neque
495 2241 559 2296 altis
577 2243 703 2311 aequoris
721 2243 816 2317 undis,⁸

89 2317 139 2371 sed
157 2320 236 2385 patet
253 2317 364 2371 immani
381 2322 412 2372 et
429 2321 510 2372 vasto
524 2321 664 2385 respectat
681 2320 766 2374 hiatu.
902 2336 940 2378 eis

90 2409 174 2461 quare
191 2392 275 2447 etiam
293 2394 385 2447 nativa
401 2398 573 2450 necessumst
590 2396 737 2450 confiteare

89 2466 157 2524 haec
174 2468 285 2534 eadem3
304 2485 394 2537 neque
411 2470 491 2537 euim,
510 2471 620 2525 mortali
637 2487 752 2541 corpore
769 2487 840 2542 quae
858 2477 931 2542 sunt,

87 2561 124 2599 ex
140 2544 247 2599 infinito
263 2545 318 2598 iam
333 2547 460 2615 tempore
476 2546 566 2601 adhue
584 2548 738 2616 potuissent

87 2620 202 2675 inmensi
218 2619 323 2676 relidas
339 2622 399 2677 aevi
417 2625 593 2678 contemnere
611 2624 691 2678 vires.

123 2696 249 2766 Denique
261 2700 405 2767 tantopere
417 2698 491 2753 inter
503 2715 533 2753 se
544 2716 606 2753 eum
617 2699 737 2753 maxima
748 2698 843 2752 mundi
901 2714 939 2754 seo

87 2777 211 2840 pugnent
228 2773 358 2838 membra,
376 2774 422 2841 pio
440 2790 610 2841 nequaquam
627 2776 733 2829 concita
750 2774 829 2839 bello,

87 2861 177 2898 nonne
194 2846 271 2899 vides
288 2848 407 2914 aliquam
426 2848 500 2915 longi
518 2850 673 2904 certaminis
690 2850 751 2904 ollis

86 2932 167 2982 posse
184 2917 244 2969 dari
262 2920 361 2974 lineml
380 2921 422 2974 vel
441 2938 502 2975 eum
520 2922 560 2976 sol
578 2927 607 2978 et
624 2930 709 2994 vapor
726 2925 816 2978 omnis

87 2989 212 3039 omnibus
229 2993 319 3057 epotis
336 2995 477 3050 umoribus
494 3000 698 3066 exsuperarint:

83 3059 161 3124 'quod
168 3060 258 3112 facere
265 3064 418 3132 intendunt,
426 3084 517 3138 neque
524 3072 614 3127 adhuc
621 3078 884 3143 conatapntrantur:
900 3093 937 3134 ³86

86 3133 194 3183 tautum
212 3135 390 3198 suppeditant
407 3155 501 3199 amnes
517 3145 645 3215 ultraque
662 3149 803 3207 minantur
