2176 3404
104 115 158 173 164
497 110 546 167 VI

96 213 263 284 corporibus,
280 214 325 267 cui
341 213 381 266 nil
397 212 507 265 omuino
524 211 660 266 obsistere
676 213 771 282 possit

97 290 197 347 transit
213 289 287 343 enim
304 288 425 342 validum
442 287 545 342 fulmen
562 304 614 358 per
631 292 726 357 saepta
744 289 898 360 domorum,

97 366 198 420 emmor
215 370 247 423 ut
264 381 296 419 ac
313 381 400 432 voces,
417 365 519 418 transit
536 382 587 434 per
605 381 678 432 sana,
693 382 745 434 per
762 383 834 434 acra,
907 393 911 400 ·

97 445 127 495 ot
144 441 276 510 liquidum
293 444 394 510 puncto
410 441 477 494 facit
494 456 542 494 aas
558 441 587 494 in
604 444 729 510 tempore
746 446 776 495 et
793 458 901 508 auram,
919 457 956 497 aso

97 520 177 571 curat
194 518 262 571 item
279 517 352 570 vasis
369 517 485 584 integris
502 516 567 570 vina
583 522 699 586 repento

98 592 250 661 diffugiant,
268 593 332 661 quia
349 592 477 646 nimirum
495 593 575 647 facile
592 593 681 646 omnia
697 590 800 647 circuni

99 669 225 723 conlaxat
241 685 359 737 rareque
376 669 444 723 facit
459 669 621 723 lateramina
638 670 710 723 vasis

99 746 246 800 adveniens
262 745 336 799 calor
353 746 411 800 eius
429 750 459 801 et
475 746 627 800 insinuatus
644 746 674 799 in
690 747 779 816 ipsum

99 822 238 876 mobiliter
255 822 364 877 soluens
381 822 474 878 differt
490 823 642 892 primordia
657 823 720 876 vini.
920 839 957 879 aas

99 898 173 967 quod
190 899 253 953 solis
270 915 355 969 vapor
372 902 492 954 aetatem
509 916 564 953 non
581 916 661 967 posse
678 898 788 952 videtur

100 974 206 1029 officere
222 991 309 1044 usqne
326 975 396 1029 adeo
412 975 517 1045 pellens
534 975 643 1029 fervore
660 991 778 1029 comaco.

100 1054 178 1105 tanto
195 1051 321 1106 mobilior
338 1052 380 1105 vis
396 1057 426 1106 et
444 1052 627 1105 dominantior
644 1052 711 1105 haec
729 1055 779 1105 est.

135 1128 160 1182 N
162 1146 215 1184 unc
232 1145 265 1183 ea
282 1145 337 1197 quo
353 1130 436 1198 paeto
452 1128 600 1197 gignantur
617 1133 648 1183 ot
663 1129 767 1197 impete
783 1130 863 1182 tanto

101 1205 168 1259 liant
185 1209 218 1259 ut
234 1206 340 1273 possint
357 1206 416 1259 ictu
433 1204 588 1258 discludere
606 1205 699 1273 tamis,
918 1222 956 1262 aso

100 1281 256 1336 disturbare
273 1281 377 1348 domos,
395 1281 512 1336 avellere
529 1282 607 1349 tigna
623 1281 780 1352 trabesque,

101 1364 131 1412 ct
147 1359 312 1413 monimenta
329 1360 417 1412 virum
435 1356 561 1411 demoliri
579 1362 664 1427 atque
680 1375 810 1425 cremare,

101 1436 255 1489 exanimare
273 1435 403 1501 hominos,
420 1434 540 1504 pecudes
557 1440 733 1503 prosternere
749 1435 859 1503 passim,

102 1517 195 1566 cetera
212 1513 247 1566 dc
263 1528 364 1581 genere
381 1513 433 1567 hoc
450 1527 505 1580 qua
519 1511 546 1565 vi
562 1512 654 1565 facere
672 1511 763 1566 omnia
780 1512 893 1581 possint,

101 1588 253 1657 expediam,
270 1606 358 1658 neque
370 1597 395 1645 te
412 1589 440 1643 in
457 1589 598 1658 promissis
614 1589 695 1658 plura
712 1588 847 1642 morabor.
918 1604 957 1643 aas

138 1664 261 1718 Fulmina
277 1664 385 1732 gignier
401 1684 418 1720 e
435 1665 535 1720 crassis
552 1665 662 1732 alteque
679 1665 860 1733 putandumst

101 1740 218 1794 nubibus
236 1742 369 1794 extructis
378 1760 385 1806 ;
402 1758 466 1795 nam
483 1742 559 1796 caelo
577 1742 652 1795 nulla
669 1758 767 1795 screno

100 1833 150 1869 nec
167 1816 264 1869 leviter
282 1816 374 1871 densis
391 1817 541 1872 mittuntur
557 1817 676 1872 nubibus
692 1834 830 1886 umquam.

103 1908 164 1945 iiam
182 1891 266 1944 dubio
283 1893 376 1961 procul
393 1893 445 1947 hoc
462 1893 523 1947 fieri
540 1893 686 1947 manifesta
704 1894 786 1948 docet
802 1911 863 1961 res;

101 1968 175 2037 quod
191 1971 251 2023 tum
268 1985 319 2037 per
335 1971 426 2023 totum
443 1973 621 2024 concrescunt
638 1987 703 2025 aera
719 1969 813 2036 nubes
918 1986 957 2026 ato

102 2046 222 2116 undique
240 2046 281 2100 uti
299 2046 428 2100 tenebras
445 2047 533 2100 omnis
552 2047 713 2101 Acherunta
730 2064 841 2102 reamur

101 2122 210 2190 liquisse
227 2125 257 2177 et
274 2139 387 2189 magnas
404 2122 471 2177 caeli
489 2123 639 2191 complesse
656 2140 794 2178 cavernas.

101 2215 188 2268 nsque
205 2198 275 2253 adeo
292 2203 382 2253 taetra
400 2198 555 2253 nimborum
572 2203 652 2253 nocte
670 2204 764 2255 coorta

18 2277 24 2282 “
101 2273 249 2342 inpendent
267 2278 344 2329 atrae
361 2275 515 2329 formidinis
532 2291 580 2329 ora
600 2292 724 2345 superne,

100 2365 161 2411 caza
179 2351 327 2408 commoliri
346 2355 495 2420 tempestas
512 2351 626 2405 fulmina
643 2357 760 2422 coeptat.
918 2368 957 2409 aea

100 2428 246 2503 praeterea
263 2445 396 2500 persaepe
411 2429 490 2497 niger
507 2444 617 2497 quoque
634 2444 686 2496 per
703 2445 778 2484 mare
795 2429 912 2495 nimbus,

103 2515 133 2563 at
150 2509 219 2579 picis
236 2524 252 2561 e
270 2507 345 2560 caelo
363 2505 510 2559 demissum
528 2503 638 2572 flumen,
655 2504 683 2557 in
701 2506 789 2559 undas

101 2588 139 2640 sic
156 2584 230 2638 cadit
247 2582 360 2636 effertus
377 2581 498 2635 tenebris
515 2581 610 2650 procul
627 2585 657 2634 et
674 2581 761 2635 trahit
778 2586 865 2636 atram

101 2659 258 2715 fulminibus
275 2658 416 2726 gravidam
434 2661 630 2727 tempestatem
648 2661 732 2727 atque
749 2658 883 2726 procellis,

101 2737 209 2805 ignibus
226 2752 258 2788 ac
275 2735 367 2787 ventis
384 2750 446 2787 cum
464 2734 559 2801 primis
576 2734 636 2802 ipse
653 2733 784 2802 repletus,
881 2728 885 2737 ¹
918 2748 957 2789 sao

101 2812 128 2861 in
146 2813 222 2861 terra
239 2823 347 2875 quoque
365 2811 397 2861 ut
413 2808 574 2862 horrescant
591 2824 623 2862 ac
639 2811 714 2862 tecta
731 2810 880 2876 requirant.

102 2881 241 2945 sicigitur
259 2897 359 2947 supera
376 2886 500 2935 nostrum
518 2887 601 2952 caput
619 2899 679 2937 esse
696 2884 877 2951 putandumst

102 2957 294 3018 tempestatem
312 2955 404 3007 altam.
421 2972 512 3024 neque
529 2959 601 3010 enim
619 2958 733 3024 caligine
750 2963 829 3014 tanta

102 3024 250 3074 obruerent
267 3029 364 3091 terras,
381 3029 433 3080 nisi
452 3030 625 3085 inaedificata
643 3048 760 3098 superno
841 3066 844 3073 ·

102 3092 189 3142 niulta
204 3094 294 3146 forent
310 3100 406 3152 multis
424 3109 553 3172 exempto
571 3105 665 3158 nubila
682 3108 754 3173 sole;
918 3128 957 3166 sot
1067 3108 1068 3137 ³

102 3177 150 3212 nae
168 3164 245 3213 tanto
262 3175 374 3229 possent
390 3175 531 3230 venientes
549 3179 702 3244 opprimere
720 3184 810 3252 imbri,
