2176 3404
91 100 149 158 1¹68
499 93 550 150 VI

87 202 163 271 quod
180 190 208 255 si
222 199 350 269 Iuppiter
367 200 451 269 atque
468 197 514 252 alii
530 195 665 265 fulgentia
682 190 739 248 divi

88 278 210 333 terrifloo
227 276 357 347 quatiunt
374 275 466 329 sonitu
482 272 612 328 caelestia
628 270 733 340 templa

87 359 118 409 et
136 354 239 408 iaciunt
257 353 349 421 ignem
366 368 420 419 quo
437 350 584 419 quoiquost
601 363 719 417 cumque
737 346 875 415 voluptas,

88 447 138 485 cur
155 429 254 499 quibus
271 428 412 482 incautum
429 427 518 481 scelus
536 423 689 480 aversabile
706 425 852 492 cumquest
913 438 953 477 mo

88 524 143 561 non
159 506 265 561 faciunt
281 504 331 560 icti
348 504 472 558 flammas
488 508 521 557 ut
539 502 656 571 fulguris
672 500 767 554 halent

89 587 201 652 pectore
218 581 332 652 porfiro,
350 580 484 634 documen
501 578 663 633 mortalibus
680 593 752 643 aere,

89 664 119 714 et
136 659 229 729 potius
246 657 321 712 nulla
337 655 390 711 sibi
409 655 484 725 turpi
502 654 625 709 conscius
641 654 671 707 in
687 670 720 707 re

89 735 209 789 volvitur
226 735 255 788 in
273 733 391 787 flammis
408 731 533 786 innoxius
550 731 634 798 inque
651 730 765 800 peditur

90 811 201 865 turbine
217 809 330 864 caelesti
349 808 441 864 subito
458 811 602 877 correptus
620 810 650 861 et
666 806 741 874 ignil
916 823 954 862 aar

89 905 140 941 cur
157 887 241 940 ctiam
258 886 317 939 loca
335 885 393 939 sola
410 886 509 954 petunt
526 884 685 953 fnmtraque
703 881 848 939 laboranti

91 980 125 1017 an
144 966 205 1017 tum
223 961 351 1016 bracchia
369 963 551 1030 consuescunt
569 960 735 1027 firmantque
752 959 891 1014 lacertosi

89 1040 119 1093 iu
136 1042 267 1108 terraque
284 1037 371 1107 patris
389 1054 440 1091 cur
457 1038 542 1091 telum
560 1035 756 1105 perpetiuntur

92 1116 228 1186 optundit
245 1132 295 1170 cur
311 1115 372 1184 ipse
390 1113 456 1167 sinit
474 1130 563 1181 neque
581 1113 671 1182 parcit
688 1113 715 1165 in
734 1112 838 1168 hostisl

91 1192 210 1260 denique
229 1209 279 1246 eur
297 1206 445 1259 numquam
464 1190 539 1243 caelo
557 1189 624 1243 iacit
641 1189 763 1258 undique
780 1205 850 1259 puro
915 1205 955 1244 soo

92 1267 221 1338 Iuppiter
239 1268 272 1320 in
290 1274 379 1321 terras
396 1266 500 1320 fulmen
517 1266 678 1332 sonitusque
694 1264 855 1335 profunditl

91 1360 127 1398 an
145 1345 225 1398 simul
242 1360 274 1396 ac
292 1342 380 1397 nubes
398 1358 560 1411 successere,
578 1341 684 1410 ipsein
701 1357 749 1395 eas
766 1345 826 1395 tum

93 1420 243 1489 descendit,
261 1435 348 1489 prope
365 1418 478 1473 uthina
496 1418 545 1472 teli
564 1417 733 1471 determinet
750 1417 838 1472 ictusi

91 1496 121 1550 in
139 1512 216 1551 mare
233 1513 288 1564 qua
305 1511 388 1566 porro
405 1495 493 1549 mittit
512 1494 635 1548 rationel
653 1493 721 1562 quid
739 1492 827 1547 undas

93 1573 186 1641 arguit
204 1576 234 1627 et
250 1572 384 1642 liquidam
401 1571 501 1625 molem
520 1586 685 1655 camposque
701 1569 839 1624 natantisi
917 1585 954 1624 ros

94 1653 238 1717 praeterea
256 1649 278 1702 si
296 1648 356 1702 vult
374 1664 519 1703 caveamus
535 1646 656 1700 fulminis
673 1647 767 1714 ictum,

94 1742 145 1779 cur
162 1725 272 1779 dubitat
289 1724 381 1779 facere
397 1727 430 1778 ut
446 1724 583 1794 possimus
601 1738 714 1777 eernere
732 1722 864 1776 missuml

95 1802 119 1855 si
135 1817 187 1856 nee
204 1801 342 1870 opinantis
359 1804 451 1855 autem
469 1800 527 1854 volt
545 1799 699 1869 opprimere
716 1798 782 1866 igni,

95 1895 146 1932 cur
162 1881 242 1931 tonat
258 1893 295 1931 ex
312 1876 359 1930 illa
375 1881 464 1946 parte,
482 1880 516 1931 ut
533 1877 621 1930 vitare
639 1890 778 1944 queamus,

96 1971 146 2008 cur
157 1953 286 2008 tenebras
298 1955 363 2008 ante
374 1956 404 2007 et
415 1952 543 2007 fremitus
555 1957 585 2006 et
595 1966 737 2006 murmura
747 1950 853 2005 conciti
917 1966 954 2005 410

96 2036 127 2085 et
144 2031 224 2085 simul
242 2031 271 2083 in
288 2030 390 2084 multas
408 2030 497 2098 partis
514 2030 562 2098 qui
580 2028 694 2083 eredere
711 2026 799 2097 possis

97 2108 226 2162 mitteret
238 2123 273 2161 an
285 2107 336 2161 hoc
347 2107 419 2160 ausis
431 2122 580 2174 numquam
593 2104 761 2159 contendere
771 2103 883 2169 factum,

32 2180 34 2185 ’
96 2188 129 2238 ut
147 2184 247 2238 fierent
264 2184 336 2238 ictus
353 2200 408 2237 uno
427 2182 479 2237 sub
496 2178 745 2252 tempore'pluresl

97 2265 127 2315 at
145 2265 255 2330 saepest
272 2276 385 2314 numero
402 2259 506 2314 factum
524 2259 639 2326 fierique
656 2260 803 2325 necessest,

97 2340 131 2390 ut
147 2337 243 2406 pluere
259 2337 287 2390 in
304 2336 398 2390 multis
416 2335 573 2405 regionibus
590 2338 621 2389 et
638 2335 739 2389 cadere
755 2333 859 2401 imbris,
917 2347 954 2386 cre

98 2413 213 2467 fulmina
230 2413 269 2466 sic
285 2429 340 2468 uno
358 2412 419 2467 ficri
437 2411 488 2466 sub
506 2415 631 2481 tempore
648 2411 744 2465 multa.

98 2493 239 2560 postremo
256 2505 306 2542 cur
323 2490 417 2543 sancta
435 2489 518 2542 deum
536 2487 653 2541 delubra
670 2502 788 2555 suasque

99 2566 213 2620 discutit
230 2565 331 2620 infesto
348 2564 503 2634 praeclaras
520 2564 634 2619 fulmine
652 2563 732 2618 sedes

99 2648 130 2697 et
146 2642 217 2697 bene
235 2643 309 2696 facte
326 2642 409 2696 deum
427 2641 530 2710 frangit
548 2641 694 2695 simulacra
711 2640 821 2709 suisque

61 2742 63 2747 ,
100 2719 188 2773 demit
204 2717 370 2785 imaginibus
387 2716 506 2771 violento
523 2717 635 2771 volnere
652 2717 800 2771 honoreml
918 2728 956 2768 ceo

100 2794 211 2858 altaque
228 2809 278 2845 cur
294 2792 455 2860 plerumque
473 2794 546 2860 petit
563 2793 623 2847 loca
639 2792 813 2862 plurimaque
828 2791 890 2843 eius

99 2867 239 2919 montibus
255 2866 284 2917 in
302 2867 415 2919 summis
433 2868 549 2935 vestigia
567 2869 704 2922 cernimus
720 2868 810 2936 ignisl

136 2938 216 3000 Quod
233 2942 367 3006 superest,
385 2942 492 2995 facilest
509 2960 544 2996 ex
560 2944 604 2998 his
622 2959 785 3013 cognoscere
801 2942 893 3008 rebus,

100 3012 241 3092 presteras
259 3011 326 3064 Grai
344 3029 413 3080 quos
430 3015 467 3068 ab
481 3034 514 3071 re
530 3020 738 3087 nominitcmnt,

101 3095 222 3135 ramere
239 3100 293 3149 qua
310 3088 385 3139 missi
403 3091 514 3146 veniant
531 3095 637 3148 ratione
655 3111 782 3165 superne.
920 3106 956 3150 n

101 3164 165 3201 nam
182 3154 215 3204 fit
232 3161 264 3207 ut
281 3157 419 3214 interdum
436 3166 578 3232 tamquam
597 3169 716 3223 demissa
735 3171 861 3225 columna
954 3190 956 3199 ’
