2176 3404
93 106 151 164 120
482 104 556 162 IIII

87 225 150 263 num
168 210 266 264 mulier
282 209 410 279 prohibet
427 225 457 263 se
474 208 618 277 concipere
635 216 719 278 etque
737 214 881 280 repugnat,

86 284 212 339 clunibus
230 286 290 354 ipsa
308 287 358 358 piri
377 286 514 339 Venerem
532 285 554 337 si
573 284 645 338 iaetu
663 288 795 340 retractat
899 303 953 344 1270

86 363 172 430 atque
190 371 326 421 exossato,
335 364 390 415 ciet
408 361 481 415 omni
500 364 613 430 pectore
630 360 745 428 fluctum

86 437 151 491 eicit
169 438 243 491 enim
261 438 365 492 sulcum
384 441 459 491 recta
477 438 589 505 regione
606 437 704 506 viaque

86 515 202 569 vomeris
219 517 304 582 atque
323 514 389 568 locis
407 513 509 567 avertit
527 514 638 568 seminis
655 516 747 568 ictum.

85 590 170 660 idque
188 607 238 645 sua
254 606 336 644 causa
354 594 519 644 consuerunt
538 594 628 644 scorta
645 586 755 659 moveri,

85 682 122 720 ue
139 666 341 734 complerentur
359 666 457 721 crebro
474 666 659 734 gravidaeque
677 667 797 741 iacerent
901 685 955 726 1275

85 749 115 795 et
132 741 213 796 simui
230 742 290 810 ipsu
307 742 374 796 viris
392 743 485 797 Venus
503 745 535 796 ut
552 743 707 797 concinnior
725 747 812 808 esset3

85 818 246 885 coniugibus
265 819 340 887 quod
357 819 394 873 nil
412 820 513 874 nestris
531 836 600 888 opus
622 836 682 874 esse
700 820 815 874 videtur.

120 894 179 949 Nec
197 894 329 949 divinitus
346 896 486 950 interdmu
508 896 681 966 Venerisque
699 897 807 966 sagittis

86 967 223 1024 deteriore
240 971 274 1025 ut
290 976 323 1025 ut
339 972 427 1026 forma
445 973 606 1028 muliercula
622 978 737 1028 ametur.

86 1063 148 1100 uem
165 1047 231 1101 facit
249 1044 381 1117 ipsu'suis
400 1049 540 1104 interdum
559 1049 658 1105 femina
674 1051 754 1104 factis
899 1067 952 1106 lese

85 1123 282 1194 morigerisque
299 1125 387 1179 modis
405 1130 436 1179 et
454 1126 556 1181 munde
575 1144 689 1197 corpore
705 1127 787 1194 culto,

86 1202 118 1252 ut
134 1200 213 1255 facile
230 1202 368 1256 insuescat
386 1208 411 1257 te
429 1220 521 1258 secum
540 1203 642 1272 degere
659 1203 752 1258 vitum.

85 1277 161 1345 quod
178 1283 312 1349 superest,
330 1281 499 1335 consuetudo
517 1282 662 1335 concinnat
678 1296 813 1346 amorem

86 1370 149 1408 uum
166 1356 265 1412 leviter
281 1361 403 1427 ‹pramvis
421 1359 495 1428 quod
513 1358 610 1413 crebro
628 1357 755 1412 tunditur
771 1358 838 1426 ictu,

86 1430 205 1486 vincitur
221 1433 249 1486 in
268 1434 348 1501 longo
365 1436 452 1503 spatio
471 1439 562 1490 tamen
580 1440 664 1503 atque
682 1433 802 1489 labascit
896 1449 947 1488 rme

85 1522 174 1561 nonne
192 1509 269 1564 vides
286 1511 371 1564 etiem
388 1514 481 1578 guttas
498 1512 526 1564 in
544 1528 610 1564 saxa
627 1510 750 1564 cedentis

85 1583 187 1637 umoris
204 1584 285 1654 longo
302 1586 330 1641 in
348 1587 437 1657 spatio
453 1586 621 1655 pertundere
639 1587 720 1641 saxei
