2190 3398
62 42 100 99 62
460 37 495 94 ll

60 143 189 212 effugisse
205 143 301 198 velunt
318 143 398 210 longe
415 141 548 209 longeque
566 156 695 208 nemnem,

60 220 191 288 sangiune
208 218 282 273 civili
299 234 358 272 rem
375 217 496 270 conflent
514 216 677 284 divitiusque
891 230 920 273 te

60 295 256 366 conduplicant
272 293 353 360 nvidi,
372 292 485 347 caedem
496 292 582 347 caede
598 291 822 359 accumulantes3

60 372 187 426 crudeles
204 371 327 441 gaudent
343 371 371 424 in
388 368 463 424 tristi
479 370 576 423 funere
593 370 687 424 fratris

60 452 90 503 et
107 447 338 516 consanguineum
356 463 463 501 memes
480 444 564 500 edere
581 445 742 514 timentque.
758 464 791 507 rx

60 524 194 579 consimili
212 524 319 578 ratione
334 523 371 576 eb
388 522 485 577 eodem
503 539 586 592 saepe
603 523 702 577 timere

60 604 183 655 rneeernt
199 599 309 653 invidis
327 602 392 653 unte
409 598 501 652 ocules
518 598 594 652 illurn
612 615 673 652 esse
691 604 841 670 petentem,
890 613 918 656 7⁵

60 677 137 730 illum
155 676 299 744 suspectari,
317 675 390 729 claro
407 674 453 743 qui
471 674 577 729 incedit
593 674 703 744 honore,

60 753 114 822 ipsi
132 753 207 806 sein
225 751 347 805 tenebris
365 749 436 804 volvi
453 767 593 819 eeeneque
611 757 771 820 queruntur.

61 828 203 882 intereunt
221 830 321 898 purtim
341 830 494 881 statuarum
512 831 542 881 et
560 827 676 882 neminis
693 844 766 895 erge.

60 909 89 958 et
107 921 190 974 saepe
207 903 390 972 usqueadeo,
408 903 504 956 mertis
522 903 676 972 formidine,
694 905 767 958 vitae

60 981 179 1050 percipit
196 979 330 1033 humanos
347 979 441 1033 odium
459 979 580 1048 lucisque
598 979 739 1046 videndae,
889 997 916 1036 sn

62 1061 93 1112 ut
111 1057 163 1111 sibi
181 1056 352 1111 consciscant
368 1055 502 1109 maerenti
520 1059 633 1124 pectere
651 1055 737 1110 letum
752 1077 765 1134 >

61 1134 140 1187 obliti
159 1134 264 1187 fontem
282 1148 409 1186 curarum
427 1131 498 1185 hune
516 1149 576 1186 esse
593 1132 728 1199 timerem,

60 1210 132 1264 hune
150 1226 250 1265 vexere
267 1208 409 1278 pudorem,
426 1207 499 1261 hunc
516 1208 623 1261 vincula
641 1207 771 1262 amicitiai

60 1303 189 1356 rumpere
206 1290 236 1340 et
253 1285 281 1338 in
299 1300 404 1337 summe
421 1284 553 1352 pietatem
570 1286 695 1338 euertere
711 1284 804 1339 funde.

59 1379 123 1416 nam
140 1363 193 1416 inm
209 1378 289 1430 saepe
304 1359 428 1413 hemines
446 1360 563 1430 patriam
581 1377 712 1429 carosque
729 1364 854 1430 parentis
888 1383 915 1421 ss

60 1439 250 1507 prodiderunt,
269 1438 357 1491 vitare
376 1436 529 1490 Acherusia
546 1436 649 1505 templa
666 1441 801 1506 petentes.

59 1531 123 1567 nem
140 1515 226 1567 veluti
243 1513 322 1583 pueri
340 1512 481 1582 trepidant
497 1516 584 1581 atque
602 1513 693 1566 omnia
711 1515 799 1568 caecis

59 1591 88 1642 in
106 1590 228 1644 tenebris
245 1593 381 1658 metuunt,
401 1589 440 1643 sic
459 1606 508 1643 nes
525 1588 554 1641 in
571 1589 633 1643 lnce
650 1589 779 1644 timemus

59 1666 206 1733 interdum,
224 1666 279 1719 nile
297 1682 367 1735 quae
385 1669 449 1720 sunt
466 1665 613 1719 metuende
631 1667 718 1734 magis
734 1684 817 1735 qnnnr

60 1758 130 1810 qnae
147 1742 226 1810 pueri
243 1743 271 1795 in
288 1742 411 1796 tenebris
428 1742 552 1811 pavitant
569 1742 730 1810 finguntque
747 1745 849 1798 futuru.
887 1761 914 1802 ne

59 1817 132 1872 hunc
149 1817 234 1886 igitur
252 1822 386 1872 terrerem
405 1818 489 1871 enimi
507 1817 691 1887 tenebrasque
707 1824 847 1874 necessest

58 1910 114 1946 non
131 1892 202 1946 radii
221 1894 284 1946 selis
302 1911 392 1962 neque
409 1894 500 1948 lucide
517 1893 573 1947 tels
591 1893 646 1948 diei

59 1969 216 2035 discutiant,
235 1969 284 2024 sed
302 1975 417 2025 naturae
435 1969 540 2039 species
557 1970 690 2039 ratioque.

95 2045 217 2098 Primum
228 2047 348 2100 animum
361 2046 429 2114 dice,
442 2049 563 2100 mentem
578 2063 662 2114 quarn
677 2063 759 2114 saepe
774 2064 910 2118 vocemus,

58 2122 87 2177 in
106 2139 159 2190 que
177 2123 317 2176 consilium
335 2123 408 2176 vitae
426 2122 603 2190 regimenque
620 2122 739 2176 loentum
757 2128 807 2191 est,
885 2138 912 2181 ns

58 2215 119 2253 esse
137 2199 253 2253 heminis
270 2201 377 2267 pentem
389 2197 444 2252 nilo
462 2199 550 2251 minus
568 2214 599 2252 ee
617 2215 713 2252 munus
729 2203 760 2253 ct
776 2216 827 2269 pes

19 2344 22 2349 y
57 2278 141 2344 atque
159 2274 245 2329 oculei
262 2278 356 2344 partes
374 2275 519 2328 uninrnntis
537 2275 622 2328 totins
640 2279 744 2329 extent.

58 2444 168 2481 sensum
185 2412 268 2480 animi
285 2430 362 2493 certe
379 2442 432 2479 nen
451 2442 511 2480 csse
528 2426 555 2480 in
572 2430 652 2496 parte
670 2427 797 2496 incanus,

58 2521 153 2558 verum
171 2502 295 2558 habitum
313 2503 451 2571 quendam
468 2503 578 2556 vitalem
596 2504 718 2572 eorporis
736 2521 804 2571 esse,

57 2579 226 2634 lrarnroniam
245 2578 312 2634 Grai
329 2595 412 2648 quam
430 2578 533 2647 dicunt,
550 2579 625 2648 qued
641 2579 724 2633 feciat
740 2597 790 2634 nes
872 2596 910 2637 ιω

57 2657 148 2710 vivere
167 2673 229 2710 cum
246 2672 333 2720 sensu,
351 2654 425 2708 nulls
443 2672 504 2709 eum
521 2654 549 2708 in
567 2657 647 2721 purte
664 2656 718 2709 siet
735 2672 828 2723 mens3

57 2736 89 2785 nt
106 2732 178 2785 bone
196 2748 277 2801 saepe
295 2731 423 2786 valetudo
442 2748 503 2784 eum
522 2730 623 2784 dicitur
641 2748 701 2786 esse
898 2794 901 2799 ⁴

56 2807 184 2873 corperis,
203 2810 233 2858 et
250 2824 303 2859 non
321 2813 364 2860 est
382 2811 473 2861 tamen
492 2808 559 2860 haec
576 2824 640 2875 pers
658 2809 714 2862 ulla
731 2809 854 2865 valentis.

57 2880 95 2930 sic
113 2879 196 2929 enimi
214 2895 322 2932 sensum
338 2898 392 2934 nen
410 2886 486 2935 certe
502 2885 581 2951 perte
598 2882 749 2950 reponunt3

57 2965 155 3014 magno
173 2966 254 3014 opere
271 2954 298 3004 in
317 2956 425 3020 quemi
443 2956 545 3009 diversi
561 2973 654 3010 errare
672 2959 808 3014 videntur.
869 2977 908 3018 los

58 3037 139 3088 saepe
155 3022 256 3088 itaque,
270 3024 298 3075 in
314 3033 444 3095 promptu
455 3046 553 3097 corpus
569 3032 643 3097 qued
658 3035 787 3102 cernitur,
801 3043 907 3106 aegrest,

57 3109 119 3146 cum
137 3099 228 3145 tamen
246 3110 279 3146 ex
298 3099 351 3149 elin
367 3100 502 3154 laetamur
519 3108 598 3169 parte
614 3105 728 3170 latenti;

133 3358 553 3384 m*-
