2190 3398
539 93 612 148 IIII
941 93 998 151 109

148 194 275 263 effugere,
293 211 415 250 errorem
433 195 575 265 vitareque
593 202 822 266 praemetucutcr‚

147 271 251 325 lumina
268 287 304 325 ne
321 272 405 326 iccius
423 272 561 327 oculorum
578 273 651 327 clara
668 278 769 341 creata,
963 290 1001 329 ses

98 373 137 406 sss
148 349 305 418 prospicere
324 352 356 401 ut
373 365 520 417 possemus,
537 353 567 403 et
584 353 616 404 ut
633 351 757 418 proferre
774 367 910 421 queamus

149 441 278 495 proceros
296 442 399 495 possus,
417 425 479 480 ideo
497 426 606 493 fastigia
623 442 702 494 posse

149 519 274 556 surarum
294 519 325 556 nc
343 502 473 556 feminum
491 502 609 572 pedibus
625 502 743 558 fundata
760 504 863 575 plicari,

149 576 276 634 bracchia
294 582 353 633 tum
371 595 453 648 porro
470 579 568 632 validis
585 596 619 633 cx
638 585 704 648 apto
721 580 831 636 lnccrtis

149 673 210 710 esse
227 671 377 722 munusque
394 655 474 709 dutus
492 658 610 724 utraque
627 673 661 709 cn
678 660 758 726 parte
775 658 921 726 ministros,
965 671 1002 712 suo

150 736 182 786 ut
199 732 290 786 facero
309 731 345 784 mi
362 732 447 785 vitam
465 747 606 801 possemus
624 749 695 801 quae
711 735 783 788 foret
799 750 872 788 usus.
923 792 927 800 ,

150 812 244 863 cetero
262 808 297 861 de
314 824 416 876 genere
431 808 483 861 hoc
499 808 573 861 inter
590 825 777 877 quoecumque
794 813 948 878 protertur,

149 886 240 939 omnia
257 901 387 953 perversa
404 887 583 954 praepostero
600 889 664 939 sunt
682 886 795 953 rationo,

150 962 187 1015 nil
205 962 269 1015 ideo
288 963 416 1030 quoniam
433 963 556 1014 natumst
574 961 601 1013 in
619 977 734 1030 corporo
752 966 784 1016 ut
800 964 842 1016 uti

149 1054 299 1107 possemus,
318 1037 368 1090 scd
386 1036 460 1105 quod
477 1040 600 1091 natumst
617 1037 646 1090 id
663 1042 791 1106 procreat
808 1055 895 1093 usum.
964 1053 1001 1093 sss

150 1131 201 1168 neo
218 1114 272 1168 fuit
289 1117 354 1167 onte
371 1114 465 1167 vidoro
483 1113 622 1167 oculorum
641 1113 743 1167 lumino
759 1117 825 1168 nata

150 1207 201 1244 nec
219 1190 300 1244 dictis
317 1206 396 1243 orare
413 1190 490 1259 prius
507 1205 588 1258 quam
607 1188 700 1257 lingua
717 1193 845 1258 creatcst,

150 1267 200 1320 sed
218 1267 310 1336 potius
328 1265 407 1332 longe
426 1266 533 1333 linguae
551 1266 699 1332 praecessit
716 1267 793 1334 origo

150 1359 304 1397 sennonem
321 1341 463 1409 multoque
479 1346 587 1396 creatae
606 1347 670 1395 sunt
688 1343 765 1412 prius
782 1359 862 1397 aures

149 1436 233 1488 quom
246 1435 327 1472 sonus
339 1422 381 1471 ost
393 1418 510 1485 auditus,
522 1422 553 1472 ct
563 1418 655 1471 omnin
668 1418 786 1487 denique
797 1418 921 1472 membru
964 1433 1002 1473 oso

149 1499 215 1550 ante
232 1496 317 1560 fuere,
334 1498 366 1547 ut
382 1494 486 1562 opinor,
503 1510 599 1547 eorum
618 1510 701 1563 quom
719 1494 791 1548 foret
808 1511 880 1549 usus.

149 1572 223 1625 houd
241 1571 325 1638 igitur
341 1574 456 1638 pumero
473 1569 569 1622 utendi
588 1586 712 1623 crescere
729 1585 816 1623 ceusu

149 1652 180 1702 nt
198 1652 295 1701 contra
312 1646 435 1700 conforto
452 1662 535 1699 monn
553 1647 703 1699 certamina
720 1662 827 1715 pugneo

150 1728 180 1779 ot
197 1720 316 1777 lnccrar'c
332 1726 409 1775 artus
427 1721 591 1790 foedareque
608 1721 732 1774 membre
749 1738 844 1776 cruore

149 1804 216 1855 unte
234 1801 286 1852 suit
304 1799 390 1852 nuiito
407 1814 489 1867 quam
507 1798 598 1851 lucido
615 1798 672 1851 tela
689 1797 819 1867 volarent,
965 1813 1002 1854 ors

150 1881 181 1931 et
198 1876 293 1929 volnus
312 1876 398 1928 ritnro
416 1876 491 1943 prius
510 1879 610 1928 natura
627 1874 717 1941 coegit

150 1970 234 2023 quum
252 1952 333 2006 deret
350 1951 487 2004 obiectum
505 1951 609 2020 parmai
627 1950 771 2018 Increpor
788 1954 883 2005 ortem.

150 2029 255 2083 scilicet
273 2036 301 2083 ot
318 2029 419 2081 fessum
437 2044 536 2096 corpus
554 2026 685 2080 mandare
702 2027 789 2095 quieti

150 2104 238 2158 multo
255 2103 393 2172 antiquius
410 2106 454 2157 est
471 2119 553 2171 quium
570 2103 635 2157 lecti
652 2102 744 2156 mollio
761 2106 857 2169 stratu,

149 2185 181 2236 et
198 2180 296 2234 sedere
313 2179 386 2233 sitim
404 2180 480 2249 prius
497 2183 541 2231 est
559 2195 640 2248 quom
658 2179 754 2248 poculo
771 2182 873 2232 uatum.
965 2191 1002 2231 suo

57 2317 58 2321 ,
149 2258 218 2311 haec
235 2257 320 2324 igitur
337 2259 450 2324 possunt
468 2255 564 2308 utendi
582 2255 690 2322 cognitu
708 2270 790 2307 causo

149 2333 265 2399 credier,
282 2350 316 2386 ex
334 2349 385 2385 usu
403 2347 473 2400 quae
491 2335 556 2384 sunt
573 2331 683 2398 rituque
702 2336 819 2399 repertu.

149 2409 198 2463 iliu
215 2409 326 2478 quidem
344 2425 464 2462 seorsum
483 2412 548 2461 sunt
565 2407 655 2460 omnia
671 2423 742 2475 <lucc
759 2407 835 2474 prius
852 2406 913 2476 ipsa

150 2490 217 2539 ueta
234 2485 336 2539 dedero
355 2501 419 2538 simo
436 2488 500 2554 post
517 2484 642 2538 notitiem
659 2482 794 2536 utilitatis.

148 2578 204 2629 quo
221 2578 322 2628 genere
340 2563 366 2614 ἰιι
386 2561 480 2630 primis
499 2577 594 2613 sensus
610 2562 640 2613 et
657 2558 781 2612 membru
798 2558 937 2624 videmus3
966 2571 1002 2610 scs

149 2654 236 2706 quare
248 2637 331 2691 etiam
344 2641 426 2704 amoc
441 2637 525 2690 otiam
536 2634 631 2705 procul
644 2638 687 2688 cst
698 2637 731 2688 ut
742 2633 857 2687 credere
868 2633 956 2702 possis

150 2713 279 2768 utilitatis
296 2713 332 2767 ob
350 2713 464 2766 officium
482 2713 604 2782 potuisse
622 2708 729 2778 creari]

185 2789 273 2859 [illud
290 2790 358 2843 item
376 2806 430 2842 non
447 2793 491 2843 est
508 2787 671 2853 mirandum,
689 2786 811 2855 corporis
828 2786 888 2853 ipse

151 2866 226 2935 quod
244 2870 343 2920 natura
360 2865 450 2920 cibum
468 2865 575 2933 quaerit
593 2864 723 2930 cuiusque
740 2860 892 2915 animantis.

150 2943 252 3012 quippe
262 2942 364 2996 etenim
376 2941 461 2995 flucro
473 2946 556 3009 utque
568 2938 698 2994 recodere
710 2953 824 3006 corpore
835 2937 917 2991 rebus
965 2950 1003 2990 suo

150 3018 238 3072 multa
255 3017 344 3071 modis
361 3017 455 3071 multis
472 3016 560 3082 docui,
578 3014 627 3067 sed
644 3012 762 3081 plurimu
779 3010 883 3064 debent

150 3111 185 3147 cx
203 3093 367 3147 animalibu'.
383 3108 455 3158 quoe
472 3090 535 3158 quia
553 3092 617 3141 sunt
634 3085 755 3139 exercita
771 3086 855 3147 motu,

150 3170 291 3239 multaque
308 3185 359 3239 per
377 3167 506 3220 sudorem
524 3181 558 3215 ex
576 3162 633 3214 alto
649 3173 745 3227 presso
761 3158 893 3219 feruntur,
