2190 3398
88 44 304 337 &Emeum
322 199 386 269 quie
403 201 467 252 sunt
485 216 501 252 e
517 198 614 266 primis
631 199 706 254 facta
723 200 836 256 minutis

154 294 226 345 quac
244 277 322 345 quasi
338 275 477 328 cuduntur
494 291 599 344 perque
617 277 688 329 aeris
705 277 882 331 intervallum

56 335 80 457 ol
155 371 210 407 non
230 352 359 406 dubitant
377 351 496 405 transire
515 353 643 422 sequenti
660 353 768 407 concita
784 353 866 422 plaga
964 420 967 425 Ι

111 460 143 491 ,ω
156 447 262 500 perque
280 428 372 482 volare
389 445 465 482 mere
482 445 514 482 ac
532 432 622 484 terras
640 429 802 499 caelumque
818 430 917 497 rigare.

110 531 144 563 ιιι
157 505 353 576 suppeditatur
371 505 443 557 enim
461 505 605 558 confestim
623 505 724 560 lumine
741 505 833 560 lumen
975 522 1012 562 seo

157 587 187 637 ct
205 582 284 652 quasi
302 580 409 650 protelo
427 579 585 634 stimulatur
602 580 709 650 fulgere
726 581 825 652 fulgur.

156 661 326 728 quapropter
344 656 490 710 simulacra
507 658 568 727 pari
586 659 691 712 ratione
708 674 820 714 necesse
838 663 881 716 est

156 733 362 789 inmemorabile
381 751 432 803 per
449 735 569 803 spatium
587 738 776 789 transcurrere
793 752 874 805 posse

76 844 81 854 ·
157 812 290 880 temperis
308 810 336 863 in
354 813 465 879 puncto,
482 811 602 879 primum
622 810 696 879 quod
713 812 825 880 parvola
842 830 924 869 cauea

52 856 78 914 ι’
156 892 201 942 est
218 886 314 957 procul
332 903 349 940 a
366 890 445 954 tergo
463 903 533 955 qnae
551 886 684 955 provehat
702 891 788 956 atque
802 890 945 960 propellat
974 904 1012 946 rea

157 1041 314 1106 mittuntur,
333 1038 413 1092 facile
430 1041 463 1092 'ut
481 1038 590 1106 quasvis
607 1042 753 1108 penetrare
770 1045 873 1109 queant
889 1059 935 1098 ree

157 1119 188 1170 et
206 1115 284 1184 quasi
302 1131 464 1185 permanare
482 1132 533 1184 per
551 1115 622 1169 aeris
639 1115 820 1172 intervallum.

48 954 143 1190 ἔξω
157 963 258 1019 deinde
277 962 352 1031 qued
369 979 457 1031 usquc
476 961 545 1016 adeo
564 966 675 1016 textura
693 963 820 1033 praedita
837 983 900 1020 rara

13 1100 17 1159 l

156 1196 302 1262 praeterea
320 1191 414 1259 siquae
431 1192 544 1260 penitus
562 1192 721 1260 corpuscula
739 1210 831 1248 rerum

112 1284 144 1317 me
155 1285 192 1323 ex
210 1268 320 1335 alteque
338 1267 411 1320 foras
429 1268 586 1336 mittuntur,
604 1267 668 1321 solis
686 1269 727 1322 uti
745 1269 793 1322 lux
973 1285 1012 1326 aee

156 1361 189 1398 ac
207 1359 298 1412 vapor,
317 1343 384 1396 haec
402 1346 505 1412 puncto
523 1347 672 1398 cernuntur
690 1345 767 1414 lapsa
784 1345 838 1400 diei

154 1438 206 1489 per
224 1423 314 1474 tetum
333 1419 401 1473 caeli
420 1419 539 1487 spatium
558 1419 713 1485 diffundere
731 1437 797 1475 sese.

155 1495 223 1565 quid
241 1513 311 1565 quae
330 1498 395 1549 sunt
412 1496 497 1564 igitur
513 1494 569 1548 iam
585 1496 674 1565 prima
691 1497 782 1552 fronte
801 1501 916 1568 paratal

110 1589 143 1621 mr
155 1590 220 1627 eum
238 1573 374 1626 iaciuntur
392 1575 421 1626 et
439 1571 567 1626 emissum
585 1589 631 1627 res
648 1572 724 1626 nulla
741 1579 871 1642 moratur,

110 1671 143 1703 me
155 1648 232 1717 qued
250 1651 382 1717 superest,
399 1647 446 1701 ubi
465 1652 522 1702 tam
540 1648 643 1703 volueri
661 1648 774 1704 levitate
791 1650 921 1719 ferantur,
952 1684 955 1687 -
975 1667 1011 1708 205

110 1739 144 1772 m
155 1742 247 1794 quone
264 1725 343 1778 rides
362 1725 443 1778 citius
462 1724 564 1778 debere
582 1730 611 1779 et
629 1725 735 1793 longine
752 1727 793 1780 ire

154 1800 355 1870 multiplexque
371 1801 423 1854 loci
441 1801 560 1869 spatium
577 1805 764 1856 transcurrere
781 1804 878 1859 cedem

154 1883 281 1947 tempore
299 1893 353 1946 quo
371 1877 434 1930 solis
452 1877 614 1945 pervolgant
630 1877 734 1932 lumina
751 1880 873 1936 eaeluml

154 1954 207 2008 hoc
225 1954 309 2008 etiam
326 1954 355 2006 in
372 1954 468 2022 primis
485 1954 624 2022 specimen
641 1970 737 2008 verum
755 1973 815 2010 esse
851 1958 857 1971 ‘

154 2048 240 2101 qnam
257 2029 339 2083 celeri
357 2032 434 2083 motu
451 2045 543 2083 rerum
562 2031 705 2084 simulacra
722 2031 798 2086 feren
998 2048 1011 2088 e

154 2105 232 2177 quod
251 2105 330 2159 simul
348 2122 379 2159 ac
396 2105 516 2175 primum
534 2105 585 2160 sub
604 2105 653 2160 din
670 2106 785 2176 splendo
1054 2112 1057 2115 ’

154 2180 429 2253 ροηίιιιι,ὀιιῐοιιιρίο
447 2181 522 2235 caelo
540 2182 667 2236 stellante
685 2199 781 2238 serena

155 2258 248 2314 sidera
266 2258 432 2326 respondent
449 2259 477 2311 in
496 2274 568 2327 aqua
583 2258 720 2313 radiantia
736 2277 800 2313 mun
981 2263 1081 2390 ΛΘ

154 2337 247 2390 iamne
264 2334 341 2390 vides
358 2335 442 2403 igitur
459 2351 541 2403 quam
558 2339 659 2404 puncto
677 2338 801 2409 tempore
817 2337 907 2406 imago

155 2412 277 2466 aetheris
294 2427 328 2464 ex
346 2411 401 2464 oris
418 2410 447 2463 in
464 2414 602 2464 terrarum
619 2409 726 2465 accidat
742 2414 821 2466 erasi
896 2384 961 2446 0]
976 2431 1012 2470 na

156 2506 242 2558 quare
259 2488 344 2542 etiam
360 2490 443 2555 atque
462 2487 544 2541 etiam
560 2488 631 2541 mira,
647 2485 752 2542 fateare
770 2457 908 2545 mc‘eIs‘e‘st

155 2658 270 2710 corpora
287 2657 358 2713 quae
375 2640 475 2694 feriant
492 2640 583 2695 oculos
600 2642 742 2711 visumque
758 2641 900 2697 lacessant.
906 2638 915 2667 ⁵
967 2642 969 2646 ’

155 2721 344 2788 perpetuoque
361 2716 450 2771 fluunt
467 2718 549 2771 certis
566 2716 602 2771 ab
619 2718 702 2772 rebus
720 2718 831 2784 ederem

153 2795 243 2862 frigus
260 2796 292 2847 ut
309 2810 327 2846 a
343 2792 440 2861 fluviis,
457 2792 531 2846 calor
546 2793 583 2847 ab
600 2793 664 2862 sele,
683 2798 742 2849 aest
743 2810 775 2848 us
730 2790 828 2848 tab
845 2792 927 2880 undis

155 2870 284 2939 aequeris
299 2884 397 2924 exesor
413 2885 566 2924 moerorum
583 2871 663 2924 litera
680 2872 788 2927 circum.
840 2880 842 2887 ’
976 2888 1011 2926 am

155 2962 208 3000 nec
225 2946 316 3000 variae
334 2949 443 3001 cessant
460 2963 538 3000 voces
557 2946 683 3011 volitare
690 2964 741 3015 per
758 2944 846 3003 auras

156 3022 301 3091 denique
293 3039 322 3076 m
339 3038 370 3075 cs
389 3021 453 3074 salsi
470 3023 546 3076 venit
562 3022 642 3075 umor
660 3038 741 3088 saepe
759 3023 872 3089 saporis,

156 3114 220 3153 cum
236 3114 315 3152 mare
328 3096 470 3151 versamur
483 3098 609 3163 propter,
626 3095 769 3161 dilutaque
786 3092 881 3146 centra

156 3190 221 3229 cum
238 3174 343 3227 tuimur
360 3170 468 3225 misceri
486 3168 629 3233 absinthia,
647 3166 738 3232 tangit
755 3182 867 3218 amaror·
