2138 3404
326 572 328 577 ⁴
401 551 710 619 PRAEFATIO.

501 782 602 810 »4-

182 955 259 1023 Qrun
271 956 299 1011 in
310 956 362 1012 hec
370 957 490 1012 carmine
499 957 675 1027 perpoliendo
685 958 874 1013 Lachmannus
883 958 983 1014 eximio

127 1041 260 1107 acumine,
284 1039 439 1093 admirabili
463 1039 613 1109 diligentia,
637 1042 851 1110 exquisitissima
874 1043 983 1111 linguae

126 1127 273 1181 universae
295 1143 417 1195 ususque
441 1126 598 1181 Lucretiani
622 1129 736 1182 scicntia
759 1128 897 1197 effecerit„
913 1129 982 1183 adeo

127 1211 255 1266 omnibus
271 1214 365 1266 notum
382 1215 425 1266 est
436 1214 476 1281 ut,
489 1213 511 1267 si
523 1213 599 1267 illum
615 1214 744 1268 laudibus
760 1215 858 1269 efferre
874 1214 981 1283 vellem,

127 1298 228 1351 merite
240 1297 412 1366 importunus
425 1314 486 1351 esse
498 1298 642 1352 iudicarer.
678 1300 806 1368 quoniam
818 1300 911 1368 igitur,
924 1300 983 1368 qui-

127 1400 249 1452 cumque
278 1383 392 1452 posthac
421 1384 459 1438 ed
479 1384 683 1453 emendandum
707 1385 866 1438 Lucretium
890 1401 983 1439 sanam
1038 1392 1039 1395 ’

127 1475 220 1526 amem
230 1471 362 1527 adhibere
371 1472 453 1540 volet,
461 1471 520 1526 eius
529 1471 581 1526 riri
589 1471 713 1540 vestigiis
725 1472 852 1526 insistere
862 1471 982 1540 debebit,

81 1585 84 1594 ·
127 1561 158 1611 et
171 1556 224 1610 hac
239 1557 274 1612 de
290 1575 321 1611 re
332 1558 387 1612 iam
401 1558 510 1627 saepius
522 1557 659 1628 disputavi
671 1559 699 1612 in
711 1556 853 1612 annalibus
868 1558 983 1629 philolo-

127 1642 197 1711 glcis
215 1644 263 1712 qui
283 1659 371 1712 nuper
391 1643 585 1712 cantabrigiae
606 1643 777 1710 prodierunt,
799 1646 829 1697 et
849 1660 921 1712 mox,
940 1643 983 1698 uti

127 1744 217 1798 spero,
233 1729 327 1797 fusius
339 1729 492 1784 disserendi
511 1729 679 1783 occasionem
697 1728 845 1796 nanciscar,
860 1727 905 1783 hic
924 1729 982 1797 qui-

128 1813 193 1868 dem
202 1813 324 1868 breviter
333 1817 363 1868 ct
370 1813 407 1866 ad
419 1813 562 1867 eonsilium
573 1816 684 1866 nostrae
696 1812 825 1867 editionis
832 1830 982 1868 accomme-

88 1956 91 1959 ,
128 1898 196 1954 date
208 1915 256 1954 ces
267 1902 377 1969 tautum
388 1899 462 1955 locos
473 1898 599 1953 indicabo
611 1899 749 1968 inquibus
761 1899 866 1969 aliquid
877 1887 982 1968 melius,

127 2003 212 2055 quam
224 1988 333 2056 quoda
347 1987 521 2041 Lachmanuo
533 1986 675 2041 inventum
687 1990 739 2055 est,
751 1990 800 2042 aut
816 1979 982 2041 eeedicibus

127 2073 277 2143 sumpsisse
292 2077 341 2128 aut
357 2073 471 2128 alionum
487 2076 536 2128 aut
548 2072 742 2143 deniquemea
753 2072 908 2127 coniectura
919 2088 982 2141 rep-

127 2152 233 2229 perisse
261 2160 329 2214 mihi
358 2159 459 2214 videor.
498 2159 615 2214 leviores
646 2158 844 2227 discrepantias
874 2157 981 2211 silentio

127 2244 295 2316 praeteribo.

475 2445 592 2500 LIBER
611 2444 633 2499 I.

180 2608 216 2657 do
231 2661 237 2666 ,
250 2611 382 2652 sonneras
394 2599 462 2654 libri
499 2599 525 2652 N
527 2598 605 2652 onius
623 2598 742 2666 tendere,
758 2615 841 2666 quem
858 2598 982 2666 adluitur

128 2685 327 2765 Lachmannus.
802 2688 812 2710 ·

132 2830 138 2836 ,
182 2777 216 2827 68
252 2781 334 2822 rama
345 2782 439 2824 natur.
474 2770 665 2838 Lachmannus
682 2785 744 2823 cum
761 2768 981 2835 Bentleiesaae.

129 2857 346 2924 ‘scilicetseme'
357 2858 448 2927 iuquit
460 2857 526 2911 ‘nen
535 2856 623 2911 omnis
634 2855 788 2909 necessarie
801 2871 906 2920 raeque
918 2854 981 2908 est’:

128 2962 184 2999 non
195 2945 292 3014 omnis,
300 2945 350 2999 sed
360 2945 513 3006 necessario
524 2943 611 2997 omnis
623 2942 708 2994 dcem
713 2942 807 3005 seme.
839 2939 877 2990 sie
889 2937 982 2990 Livius

128 3046 148 3084 x
169 3035 204 3083 24
224 3030 282 3082 sine
302 3029 359 3083 ulle
380 3029 502 3097 epitheto
523 3028 548 3079 A
554 3026 574 3079 d
592 3027 711 3089 semem
730 3021 834 3090 populi
854 3015 982 3070 Remeat

128 3115 304 3187 pertinere„
390 3171 393 3176 ,
