2190 3398
93 101 142 157 44·
500 94 535 152 ΙΙ

89 219 142 254 uon
160 199 272 271 poturit,
290 216 384 268 noque,
402 198 477 266 quod
493 201 625 267 superest
643 195 817 269 procresoero
833 199 963 269 aliquo.-

88 279 188 348 quippe
200 278 303 332 otcnim
315 292 420 330 sumam
432 275 483 329 hoc
496 292 605 344 quoquo
617 277 659 331 uti
671 277 749 332 linita
759 293 810 347 por
821 293 905 331 onme

87 371 202 424 corpora
219 354 314 408 iactari
332 353 411 405 unius
428 351 559 420 genitalia
576 352 623 418 rei,

87 431 160 485 undo
177 430 225 484 ubi
241 447 296 499 qua
312 430 339 483 vi
357 431 387 482 et
404 445 459 502 quo
476 431 558 497 pacto
576 445 722 497 congressa
740 429 853 485 coibunt

86 507 218 561 materiae
235 510 313 560 tanto
330 505 359 559 in
376 504 473 577 pelago
490 504 628 572 turbaque
645 506 751 560 alional
813 546 817 554 Δ
905 521 948 562 oto

85 599 147 649 non,
164 587 197 636 ut
214 582 317 650 opinor,
335 581 440 635 habent
457 581 592 635 rationem
610 581 791 646 conciliandi;

85 659 135 712 scd
153 659 230 728 quasi
247 657 396 725 naufragiis
414 658 519 725 magnis
537 657 687 727 multisque
704 656 805 712 coortis

85 733 231 788 disiectare
249 733 320 787 solet
337 750 465 801 magnum
483 750 559 788 maro
577 736 699 788 transtra
715 735 839 802 guberna
915 736 918 741 ’

84 814 228 864 antemnas
245 827 357 878 proram
376 810 461 863 malos
479 813 628 878 tonsasque
646 811 776 879 natantis,

84 903 135 955 per
152 890 290 940 terrarum
308 887 395 940 omnis
412 903 474 940 oras
493 886 627 940 fluitantia
645 886 769 955 aplustra
903 904 967 964 ⁵⁵5·

84 966 116 1016 ut
133 963 279 1016 videantur
297 968 327 1017 et
344 963 474 1016 indicium
492 962 654 1016 mortalibus
671 963 764 1032 edant,

84 1039 162 1093 inlidi
180 1039 263 1093 maris
281 1039 394 1093 insidias
413 1038 532 1107 virisque
550 1038 697 1108 dolumque

83 1119 116 1169 nt
133 1115 329 1181 ritaro·velint
348 1131 417 1170 nevo
434 1114 490 1168 ullo
507 1118 633 1184 tompore
650 1114 772 1184 credant,

83 1191 199 1247 subdola
216 1209 278 1246 cum
296 1191 370 1246 ridet
387 1190 488 1261 placidi
506 1191 621 1259 pellacia
638 1191 725 1260 ponti,
793 1233 797 1238 .

82 1270 120 1324 slc
139 1270 190 1324 tibi
208 1270 231 1324 si
248 1269 327 1323 linita
345 1268 428 1322 semol
447 1266 596 1336 primordia
614 1267 749 1337 quasdam
901 1283 942 1323 too

82 1348 239 1415 constituos,
257 1362 352 1400 aevom
370 1344 512 1398 debebunt
530 1359 624 1411 sparsa
641 1358 692 1410 por
711 1359 821 1397 omnem

82 1420 228 1479 disiectare
246 1425 339 1476 aestus
358 1421 458 1475 diversi
476 1419 608 1487 materiai,
856 1486 859 1492 Ι

80 1512 227 1567 numquam
245 1501 274 1552 in
292 1498 436 1553 concilium
453 1500 486 1550 ut
503 1496 608 1565 possint
626 1497 767 1566 compulsa
784 1496 859 1551 coire

81 1588 132 1626 noo
150 1576 281 1628 remorari
300 1576 329 1628 in
348 1574 459 1628 concilio
476 1589 527 1626 nec
546 1588 669 1626 cresccre
687 1572 831 1639 adaucta3·

80 1665 196 1716 quorum
207 1654 357 1721 utrumque
369 1649 459 1719 palam
471 1648 531 1701 fiori
543 1647 688 1701 manifesta
700 1647 782 1703 docet
794 1665 848 1718 ros,
900 1665 940 1707 ooo

79 1736 109 1777 ot
126 1741 170 1778 res
188 1725 314 1795 progigni
333 1729 362 1779 et
380 1726 488 1793 genitas
505 1740 680 1792 procresccro
698 1741 786 1793 posse.

78 1816 139 1853 csso
156 1800 241 1867 igitur
258 1818 359 1873 genero
377 1802 405 1854 in
423 1801 519 1871 quovis
536 1800 687 1870 primordia
704 1817 797 1855 rerum

77 1875 185 1930 infinita
202 1877 291 1945 palam
310 1882 354 1931 cst
372 1877 445 1931 unde
464 1877 553 1930 omnia
572 1876 822 1946 suppeditantur,

113 1953 171 2007 Noc
190 1970 319 2023 superare
337 1957 441 2022 quisunt
458 1956 548 2007 motus
566 1956 660 2020 itaquo
679 1953 804 2008 exitiales

76 2033 211 2100 perpetuo
228 2046 318 2098 neque
336 2030 364 2084 in
382 2033 524 2084 aeternum
542 2030 657 2098 sepelire
676 2030 798 2098 salutem,
900 2046 950 2087 tro*

77 2124 127 2162 nec
144 2123 227 2177 porro
245 2124 337 2161 rerum
356 2106 488 2175 genitales
507 2105 680 2174 auctificique

77 2188 166 2238 motus
185 2188 320 2254 perpetuo
339 2186 454 2253 possunt
473 2199 582 2237 servaro
599 2186 720 2236 creato..

76 2261 114 2314 sic
133 2278 219 2330 aequo
237 2261 343 2329 geritur
362 2260 512 2314 certamine
529 2258 725 2328 principiorum

76 2352 110 2389 cx
127 2339 235 2392 infinito
254 2341 426 2392 contractum
444 2339 570 2405 tempore
587 2334 697 2389 bellum.

74 2417 145 2468 nunc
162 2414 206 2468 hic
224 2430 296 2466 nunc
314 2414 369 2467 illic
389 2415 519 2482 superant
536 2410 629 2464 vitalia
646 2427 738 2466 rorum
900 2429 937 2470 trs

75 2495 104 2544 ct
122 2495 287 2561 superantur
305 2491 380 2543 item.
398 2491 528 2542 miscetur
546 2488 642 2540 funere
660 2504 744 2557 vagor

74 2585 156 2636 quom
173 2567 258 2637 pueri
270 2567 371 2620 tollunt
389 2565 502 2620 visentis
520 2563 629 2618 luminis
646 2580 723 2630 oras;

74 2659 125 2698 nec
143 2661 196 2697 nox
213 2643 270 2697 ulla
287 2643 361 2696 diem
379 2654 469 2712 nequo
486 2644 595 2694 noctem
613 2656 711 2694 aurora
729 2643 849 2697 secutast

74 2737 144 2788 quae
161 2737 214 2774 non
233 2719 352 2774 audierit
370 2720 471 2772 mixtos
490 2716 627 2785 vagitibus
645 2717 735 2784 aegris
872 2782 875 2787 Δ

74 2796 197 2864 ploratus
214 2797 310 2848 mortis
329 2797 442 2849 comites
461 2798 490 2848 et
507 2793 610 2846 funeris
628 2793 689 2847 atri.
899 2808 937 2850 tuo

112 2870 185 2921 Illud
200 2871 230 2919 in
248 2869 292 2919 his
310 2871 483 2936 obsignatum
502 2885 610 2936 quoque
629 2868 710 2922 rebus
728 2867 830 2923 habero

76 2943 201 2993 convenit
219 2945 249 2993 et
266 2945 380 2994 memori
399 2945 560 2996 mandatum
578 2946 670 2996 monto
687 2947 791 3010 tenero,

76 3013 114 3065 nil
132 3030 198 3075 osso,
216 3015 244 3065 in
262 3019 393 3082 promptu
411 3034 526 3084 quorum
544 3021 643 3070 natura
661 3018 779 3086 videtur,

76 3086 150 3150 quod
167 3102 267 3151 genero
286 3102 320 3136 ex
338 3104 392 3139 uno
410 3091 540 3144 consistat
557 3091 763 3159 principiorum,
813 3136 819 3143 ,
840 3132 845 3143 .

77 3160 290 3224 necquicquam
308 3160 382 3222 (ruod
399 3177 453 3212 non
471 3165 608 3229 pennixto
627 3166 730 3220 somine
748 3171 857 3236 constet
863 3190 880 3236 3*
896 3186 936 3227 tot
