2176 3404
573 41 602 96 V

165 164 220 201 non
238 146 315 207 altas:
325 146 410 200 turris
421 160 512 198 ruere
527 146 557 197 ot
574 146 733 211 putrescere
750 151 824 208 saxa,

164 241 220 277 non
240 222 356 275 delubra
373 220 456 273 deum
475 220 673 288 simulacraque
690 220 763 273 fessa
778 218 878 286 fatisci,

165 316 217 353 nec
236 302 360 359 sanctum
377 313 478 350 numen
494 295 545 350 fati
562 295 710 364 protollere
727 296 790 349 finis

164 391 248 443 posse
265 390 355 442 neque
373 373 504 431 adversus
522 376 637 427 naturae
654 372 766 426 foedera
783 372 852 426 nitil
982 386 1018 425 aro

167 452 287 519 denique
305 467 358 504 non
376 451 544 507 monimenta
561 449 651 503 virum
668 448 773 518 dilapsa
789 449 922 514 videmus,

166 545 286 596 aeraque
304 543 437 596 proporro
455 526 627 595 solidumque
646 542 788 580 senescere
797 527 927 592 serram,
1005 544 1010 549 ·

165 621 222 657 non
241 620 320 657 ruere
338 603 443 656 avolsos
461 601 549 656 silices
568 619 585 656 a
602 601 741 655 montibus
759 602 823 656 altis

166 697 217 733 nec
234 680 339 733 validas
357 680 416 734 aeri
434 679 506 733 vires
523 679 646 748 perferre
663 678 776 747 patique

162 756 363 823 nutriturque
380 756 452 810 enim
470 756 603 810 caderent
620 755 711 809 avolsa
728 755 852 823 repente,
980 768 1017 807 315

166 850 201 886 ox
218 833 326 886 infinito
344 848 415 901 quae
431 835 557 900 tempore
574 832 789 899 pertolerassent

96 954 100 959 .
167 909 258 962 omnia
275 912 414 963 tormenta
430 908 530 962 aetatis
547 909 655 978 privata
672 908 787 976 fragore.

194 984 328 1054 ¹Denique
336 986 392 1038 iam
401 988 480 1039 tuere
489 985 547 1050 hoc,
558 984 660 1038 circum
669 1000 805 1054 supraque
815 982 889 1052 quod
898 999 1005 1037 omnem

166 1062 290 1115 continet
307 1060 435 1130 amplexu
452 1064 570 1115 terram:
590 1061 613 1114 si
630 1063 757 1130 procreat
775 1077 809 1114 cx
828 1076 857 1112 sc

165 1138 266 1206 omnia,
275 1137 351 1206 quod
360 1137 472 1205 quidam
482 1141 640 1206 memorant,
651 1137 806 1205 recipitque
813 1136 964 1203 perempto,
981 1147 1018 1186 sao

168 1217 257 1268 totum
275 1214 399 1268 nativum
417 1213 526 1267 mortali
544 1229 658 1282 corpore
676 1216 790 1267 constat.

167 1306 230 1351 uam
248 1289 441 1359 quodcumque
458 1289 525 1343 alias
543 1306 578 1343 ex
596 1306 626 1343 se
643 1306 689 1343 res
706 1293 789 1356 anget
806 1288 919 1357 alitque,

167 1366 290 1420 deminui
308 1366 401 1434 debet,
418 1366 545 1432 recreari,
565 1382 626 1420 erun
644 1366 743 1434 recipit
760 1382 813 1420 res.

203 1444 354 1497 Praeterea
372 1443 395 1495 si
412 1443 488 1496 nulla
505 1443 558 1496 fnit
575 1442 703 1510 genitalis
721 1442 797 1509 origo

166 1521 306 1573 terrarum
324 1522 354 1572 et
372 1519 440 1572 caeli
460 1534 622 1587 semperque
640 1522 751 1572 aeterna
768 1519 853 1586 fuero,
983 1531 1020 1570 335

166 1612 217 1661 pur
234 1611 334 1664 supera
351 1593 452 1648 bellurn
471 1595 628 1648 Thebanum
647 1598 677 1648 et
693 1595 798 1648 funera,
808 1594 905 1648 Troiae

167 1687 221 1724 non
239 1672 308 1724 alias
325 1670 371 1724 alii
389 1687 498 1739 quoque
517 1688 563 1724 res
580 1673 703 1726 cecinere
720 1670 834 1739 politaol

166 1763 222 1816 quo
240 1751 284 1801 tot
301 1747 374 1800 facta
391 1747 478 1800 virum
497 1747 600 1802 tot-iens
617 1747 743 1802 cocidere
760 1762 851 1814 neque
868 1761 982 1814 usquam

167 1823 289 1878 aeternis
306 1823 395 1877 famae
413 1824 587 1878 monimentis
605 1824 688 1878 insita
704 1823 821 1878 florenti

165 1917 271 1968 verum,
283 1903 316 1954 ut
327 1901 430 1970 opinor,
438 1901 524 1954 habet
535 1900 684 1967 novitatem
698 1916 804 1954 summa
815 1914 966 1967 recensque
982 1911 1019 1950 333

167 1980 295 2031 naturast
311 1976 407 2029 mundi
423 1993 514 2045 neque
532 1976 640 2046 pridem
658 1977 771 2031 exordia
788 1977 868 2046 cepit.

167 2069 255 2122 quare
272 2053 355 2107 etiam
374 2053 508 2123 quaedam
525 2070 597 2107 nunc
615 2056 689 2106 artes
707 2053 891 2123 expoliuntur,
994 2113 997 2117 ἱ

166 2145 239 2182 nunc
257 2129 524 2198 etiam‘augescuut3
541 2147 613 2183 mmo
631 2130 727 2184 addita
744 2129 857 2197 navigiis
875 2130 940 2181 sunt

167 2205 263 2272 multa,
282 2206 364 2260 modo
382 2206 502 2275 organici
518 2207 778 2276 melicospeperere
796 2219 913 2259 sonores.

167 2281 288 2350 denique
305 2285 404 2336 natura
421 2283 489 2337 baec
505 2300 598 2336 rerum
616 2283 742 2352 ratioque
759 2284 898 2352 repertast
983 2292 1020 2332 335

167 2374 263 2425 nuper,
282 2361 312 2411 et
328 2357 398 2412 hauc
415 2359 520 2428 primus
538 2375 599 2414 oum
617 2360 711 2429 primis
729 2360 788 2428 ipso
805 2360 931 2426 ropertus

166 2449 239 2487 nunc
257 2450 309 2501 ogo
327 2451 387 2488 sum
405 2436 432 2488 iu
450 2435 554 2504 patrias
572 2438 620 2504 qui
638 2436 739 2506 possim
758 2439 868 2489 vertere
885 2450 973 2486 voces.

167 2509 242 2577 quod
260 2510 284 2563 si
301 2510 372 2565 forte
389 2511 475 2566 fuisse
492 2512 607 2566 antchac
625 2512 723 2566 eadem
741 2509 946 2578 omniamodis,

167 2585 218 2638 sed
235 2586 351 2655 periisse
368 2587 509 2642 homiuum
526 2589 646 2643 torrenti
664 2589 753 2642 saecla
770 2604 880 2657 vapore,

166 2666 216 2716 aut
233 2661 366 2720 cecidisse
382 2664 460 2718 urbis
477 2666 736 2734 magnossrexamine
754 2664 856 2729 mundi,
984 2672 1020 2713 ³1⁰

167 2741 216 2792 aut
234 2755 270 2793 ex
287 2739 421 2794 imbribus
439 2742 563 2795 adsiduis
580 2741 669 2795 exisse
686 2758 800 2811 rapaces

166 2831 217 2883 per
235 2817 324 2869 terras
341 2822 537 2886 amnos‘atque
555 2817 656 2886 oppida
673 2819 852 2886 cooperuisse,

166 2894 246 2944 tanto
264 2893 367 2961 quique
384 2894 576 2963 magistrictus
593 2895 698 2948 fateare
716 2897 855 2948 necessest

167 2967 285 3020 exitium
303 2985 419 3038 quoque·
430 2975 567 3023 terrarum
585 2970 706 3036 caelique
724 2970 854 3026 futurum.

166 3057 230 3098 nam
248 3060 311 3100 eum
328 3061 375 3098 res
392 3044 478 3098 tantis
495 3043 752 3106 morbistoutisque
769 3042 879 3108 periclis
983 3053 1020 3090 arn

166 3118 436 3188 temptarentnr,ibi
454 3118 477 3171 si
494 3116 600 3181 tristior
615 3115 785 3167 incubuisset
820 3149 822 3154 ·
840 3163 844 3169 ,
921 3149 925 3154 -
972 3146 975 3150 ι
1016 3142 1023 3148 .

978 3266 1075 3370 Α
